6009 6959
1688 571 1694 611 t

494 756 558 825 nul
867 758 892 823 l.
912 754 1017 823 110OE
1037 751 1309 821 THEOLOGlCl
1328 748 1530 818 trauca:
1549 754 1592 818 A,
1614 751 1755 819 PthlA
1775 750 1933 819 EORUM
1954 750 2111 816 AETAS.
2191 821 2200 841 ,
2249 828 2252 843 Ι
2445 751 2510 818 662

494 950 610 1031 logicis
633 947 824 1028 invigilasse,
848 953 880 1008 et
897 945 972 1006 virili
996 946 1117 1005 demum
1139 949 1241 1004 aetate
1262 944 1292 1002 iu
1315 940 1446 1002 Galliam
1469 941 1601 1002 delatum
1625 960 1709 1003 esso.
1753 940 1838 1001 Vero
1866 942 1970 1020 itaque
1993 938 2126 1001 similius
2155 949 2220 1011 est,
2256 940 2370 1001 latium
2395 940 2509 1002 Caera-
2589 1024 2593 1031 Ι

495 1057 570 1109 nm,
594 1035 751 1096 Romnum
773 1032 927 1093 ecclesiae
950 1033 1112 1101 addictum,
1135 1032 1217 1090 etin
1241 1027 1327 1089 ltalia
1348 1028 1401 1088 diu
1422 1034 1584 1099 versatum,
1597 1027 1714 1088 Romae
1737 1048 1804 1087 cum
1817 1024 2028 1088 cardinalibus
2053 1026 2152 1086 luisse
2174 1034 2395 1098 conversatum,
2419 1049 2510 1107 quam
2540 1046 2543 1053 ·

495 1121 672 1202 Iosephnrn,
695 1123 774 1181 inter
796 1118 905 1179 Gallos
927 1120 1034 1198 primo,
1057 1123 1120 1177 tum
1143 1103 1220 1176 iuter
1241 1114 1395 1184 Batavos,
1417 1120 1449 1175 et
1470 1114 1499 1174 iu
1523 1113 1666 1175 Ecclesia
1687 1113 1863 1174 Reformata
1890 1115 2052 1174 viventem.
2097 1112 2217 1186 Quodsi
2242 1113 2281 1173 ad
2301 1120 2417 1193 patrem
2441 1133 2510 1173 eam
2618 1180 2621 1187 ¹

452 1234 459 1245 ·
494 1206 674 1273 relationem
692 1205 864 1276 referimus,
888 1211 999 1265 cuncta
1020 1205 1077 1263 rite
1100 1200 1281 1272 cohaereut3
1327 1201 1373 1262 eiu
1397 1198 1445 1259 'nd
1468 1198 1573 1271 lilium,
1607 1201 1707 1260 omnia
1728 1207 1877 1279 pugnant,
1911 1201 2089 1279 praesertim
2113 1220 2180 1259 cum
2203 1198 2332 1279 Iosephi
2353 1198 2512 1279 &aripert

496 1303 634 1375 tempore
656 1291 782 1353 libellus
805 1290 857 1350 hic
878 1293 938 1350 sub
962 1294 1101 1369 corrupto
1123 1287 1280 1368 Hippofili
1296 1285 1477 1367 Melonyoei
1498 1287 1619 1346 nomine
1641 1289 1700 1346 iam
1723 1288 1752 1346 in
1774 1284 1905 1346 ludicem
1929 1285 2156 1366 prohibitorium
2185 1284 2300 1346 relatus
2324 1285 2446 1347 tuerit.“

707 1479 850 1558 Denique
884 1479 1047 1558 quaeritur,
1081 1478 1151 1556 quis
1185 1476 1275 1537 luerit
1308 1475 1516 1554 interpres.
1560 1474 1610 1536 De
1643 1475 1702 1535 hoc
1723 1474 1896 1534 liruclrems
1930 1473 2042 1535 nullam
2077 1481 2204 1536 constris
2227 1481 2277 1536 est
2298 1475 2512 1536 coniecturam.

498 1566 674 1631 Strobelius
695 1565 719 1626 l.
742 1565 762 1626 l.
786 1586 817 1645 p.
843 1569 914 1627 189.
939 1578 1093 1634 memorat,
1127 1582 1146 1621 a
1167 1561 1368 1621 Pallaoieino
1391 1562 1420 1620 in
1444 1561 1581 1622 Historia
1603 1558 1731 1622 Consilii
1756 1561 1921 1621 Tridentini
1944 1560 2013 1623 Lib.
2036 1559 2109 1622 XV.
2133 1558 2209 1640 Cap.
2232 1561 2273 1622 X.
2297 1581 2328 1640 p.
2353 1564 2425 1622 239.
2448 1580 2511 1620 nar·
2577 1614 2579 1619 ,

498 1657 568 1727 rari,
591 1652 831 1713 Ludovicum
855 1646 1145 1710 Castelvetrum
1169 1649 1198 1707 in
1220 1647 1401 1707 clandestini
1424 1646 1648 1707 Lutherauismi
1672 1649 1879 1728 suspicionem
1903 1649 2028 1708 venisse
2050 1650 2226 1707 testimonio
2245 1646 2405 1706 metendam
2422 1645 2514 1727 impii
2601 1696 2607 1715 ,

500 1738 575 1799 Iihri
597 1761 616 1798 a
638 1737 877 1797 Melanchthone
899 1737 1081 1814 cmmrriph,
1105 1741 1135 1795 et
1157 1732 1197 1792 ab
1217 1735 1288 1813 ipsa
1310 1735 1344 1791 in
1365 1730 1512 1791 Italicam
1533 1754 1698 1792 sermonem
1715 1736 1865 1793 cananei.
1910 1732 1993 1793 ldem
2016 1753 2034 1792 a
2056 1731 2217 1805 Gerclario,
2241 1735 2270 1793 iu
2294 1732 2393 1793 Italia
2411 1730 2509 1808 refor-

499 1832 585 1885 mota
607 1845 635 1904 p.
662 1826 723 1885 216
747 1844 829 1902 sqq„
853 1822 904 1881 unt
928 1820 1013 1881 illius
1035 1822 1127 1880 vitam
1146 1819 1322 1899 descripsit,
1343 1816 1478 1878 retertur.
1523 1818 1612 1878 Hunc
1630 1817 1739 1878 librum
1761 1816 1983 1882 aCastelvetro
2006 1818 2107 1881 italice
2129 1820 2279 1881 redditum
2301 1818 2512 1899 lllelautlronis
2584 1866 2589 1871 .

498 1908 605 1971 Locos
628 1930 714 1982 esse,
737 1930 804 1968 cum
827 1905 981 1968 Strobelio
1004 1907 1154 1986 suspicari
1171 1903 1255 1965 licet.
2292 1956 2294 1959 ,

707 2093 808 2156 liuius
830 2094 1085 2176 interpretationis
1107 2082 1281 2153 rarissimae
1303 2090 1335 2151 lr.
1357 2089 1379 2156 l.
1404 2090 1463 2151 duo
1486 2092 1653 2171 specimina
1674 2090 1772 2154 addo:

692 2237 739 2344 ·1.
784 2281 996 2342 Melanthonir
1012 2283 1205 2360 prooernimn
1226 2283 1260 2339 in
1282 2279 1402 2340 Locos:
1422 2277 1576 2360 „Raptairi
1595 2279 1696 2341 solent
1707 2280 1856 2360 -1paato
1873 2287 1950 2360 post
1966 2280 2155 2360 intellipec.“
2178 2281 2258 2359 qrrod
2282 2283 2310 2341 in
2327 2280 2401 2340 Vol.
2424 2280 2510 2342 XXl.

501 2389 532 2450 p.
557 2374 694 2432 83-85.
717 2367 844 2448 legitur,
867 2368 981 2439 italice,
1004 2366 1189 2445 prefatione
1211 2367 1405 2446 inscriptumz

1108 2606 1349 2733 Pr'efatione
1370 2654 1435 2725 (iol.
1460 2657 1494 2716 2⁸
1516 2655 1578 2716 init
1603 2692 1644 2702 —
1668 2659 1701 2716 3⁸
1722 2663 1794 2734 post
1814 2656 1908 2734 med.)

711 2842 878 2927 Sophianai
905 2845 941 2907 in
973 2850 1055 2907 tutte
1087 2845 1116 2906 ie
1137 2845 1210 2907 arti
1227 2844 1396 2907 ricercore
1417 2845 1528 2907 atenim
1546 2844 1665 2927 lrcophi,
1685 2863 1747 2925 per
1768 2845 1782 2906 i
1801 2845 1893 2926 ptati
1912 2846 1944 2908 ri
1963 2847 2154 2926 eornyrrende
2176 2849 2210 2908 ta
2232 2865 2352 2909 miccina
2374 2846 2412 2907 di
2431 2865 2511 2927 prur-

503 2933 620 3016 lnnqne
651 2939 736 3007 arte,
770 2931 896 3013 iqnaIi
914 2932 946 2993 si
966 2931 1117 3013 tiatpano
1139 2927 1162 2991 ὰ
1181 2930 1279 3012 ynisa
1301 2930 1399 2992 ct’nno
1419 2949 1528 3013 scyno,
1550 2931 1680 3013 atpnole
1700 2931 1757 2993 noi
1775 2931 1962 2994 dirizziamo
1984 2933 2061 2995 tutti
2087 2934 2102 2994 i
2128 2934 2241 3009 stactij.
2284 2932 2415 3012 Laqnot
2435 2952 2509 2994 ease

501 3019 560 3082 noi
579 3019 744 3100 cepp'orno
763 3018 814 3099 pti
832 3015 956 3079 noachi
976 3014 1122 3078 anchora
1143 3015 1263 3079 hancce
1281 3011 1371 3094 sotto
1392 3018 1466 3079 neta
1490 3014 1676 3099 lheotopia,
1698 3017 1969 3080 rnorteratomente
1990 3026 2080 3080 certo
2101 3027 2131 3079 et
2153 3019 2381 3080 sotm'amatte:
2403 3019 2513 3082 mado

499 3105 650 3168 medani
671 3101 886 3177 Damascena,
916 3108 947 3163 et
968 3101 1189 3184 Lonpohardo
1217 3096 1300 3179 faor
1332 3102 1370 3163 di
1386 3104 1559 3183 proposito
1581 3110 1612 3164 et
1633 3104 1720 3165 t'nno
1741 3110 1770 3163 et
1794 3104 1915 3166 t’altro.
1971 3104 2156 3185 Imperoche
2178 3113 2298 3184 troppo
2318 3102 2512 3184 philosopha

500 3190 709 3255 Damascena
714 3233 726 3264 ,
759 3195 790 3251 et
812 3189 838 3250 il
858 3187 1078 3271 Lenpoharda
1098 3186 1142 3249 ha
1162 3187 1271 3249 ootnto
1290 3187 1350 3267 prin
1371 3193 1456 3252 tosto
1478 3188 1627 3251 aeternare
1647 3189 1777 3251 insieme
1797 3189 1826 3251 le
1847 3189 2017 3270 oppinione-⁰
2035 3191 2076 3251 rte
2094 3192 2144 3271 pti
2163 3190 2318 3266 hnmm'ni,
2341 3188 2397 3251 che
2418 3185 2503 3268 rese·

499 3278 572 3341 rire
594 3277 630 3339 ta
659 3275 820 3339 sententia
848 3271 894 3336 ‘de
925 3275 961 3338 ta
981 3274 1153 3336 scrittnra.
1198 3272 1240 3335 Et
1262 3271 1431 3337 harcheis
1451 3293 1514 3338 non
1536 3276 1645 3356 captia
1667 3273 1723 3337 che
1743 3275 1759 3336 i
1777 3275 1917 3337 strictiori
1935 3277 2095 3338 ‹tirnorino
2118 3279 2151 3337 in
2172 3283 2281 3358 praesta
2302 3276 2364 3337 tati
2382 3293 2510 3352 somme,

500 3381 567 3426 non
598 3362 724 3425 ameno
756 3363 790 3423 io
821 3379 922 3442 pereso
953 3377 1060 3422 essere
1081 3359 1179 3461 qnasi
1197 3361 1384 3424 necessaria
1406 3381 1483 3424 cosa
1504 3361 1702 3425 dimostrare
1723 3362 1846 3423 otmeno
1863 3363 1908 3424 cta
1931 3363 2011 3444 pacni
2027 3363 2187 3443 principii
2205 3362 2314 3443 penda
2335 3362 2369 3424 ta
2391 3380 2512 3424 somnia
2545 3432 2550 3451 ἲ
2656 3398 2659 3405 ·

501 3446 849 3596 d‘k·⁶⁰⁸‘.³’w⁰3⁶t⁰.i‘i⁰k⁰
870 3448 903 3509 si
921 3445 1056 3510 intendo
1077 3465 1101 3509 a
1123 3445 1181 3508 che
1200 3444 1264 3531 fine
1285 3446 1317 3509 si
1335 3447 1481 3511 ‹tehhano
1502 3447 1664 3512 dirizzare
1685 3447 1700 3511 i
1718 3447 1829 3529 stadij.
1873 3447 1920 3510 Et
1941 3449 2012 3511 cteta
2033 3467 2106 3511 cose
2127 3448 2312 3532 theolopice,
2334 3448 2440 3529 questi
2459 3466 2511 3510 so-

501 3552 544 3597 na
565 3552 660 3616 pacata
744 3552 898 3615 recapt-
981 3558 983 3565 ¹
1325 3542 1331 3555 ‘

708 3686 805 3753 Iddio
825 3706 889 3750 ono
911 3682 1026 3775 tm'nof'
1049 3688 1084 3749 lo
1106 3685 1286 3749 creatione:
1320 3684 1474 3751 l’hnomo:
1506 3687 1535 3750 te
1552 3681 1649 3768 force
1669 3687 1711 3751 dc
1731 3686 1883 3751 h'hnomo:
1910 3688 1937 3750 it
1953 3694 2100 3769 peccato,
2121 3688 2149 3751 il
2163 3682 2273 3768 scritto
2294 3687 2348 3750 del
2366 3694 2512 3769 peccam,

501 3774 518 3837 i
536 3772 623 3853 citri,
646 3773 676 3834 le
694 3791 787 3854 pene,
810 3772 845 3835 ta
867 3774 967 3854 lappe,
989 3772 1019 3833 le
1039 3773 1257 3852 promissioni,
1281 3772 1315 3834 la
1335 3773 1546 3835 renotatione
1564 3792 1628 3855 per
1647 3771 1790 3850 Christo,
1812 3775 1846 3837 ta
1865 3776 1992 3857 pratia,
2013 3770 2147 3855 ifintti
2166 3775 2240 3837 cteta
2260 3775 2387 3853 matta,
2409 3776 2443 3837 ia
2461 3769 2522 3852 sc?
2606 3814 2608 3819 -

505 3858 557 3937 de,
581 3860 616 3921 ta
637 3876 811 3938 speranza,
833 3857 869 3921 la
890 3856 1074 3931 charitatis,
1097 3858 1129 3919 ta
1150 3857 1440 3937 predestinatione,
1462 3858 1477 3919 i
1495 3861 1588 3941 sephi
1606 3861 1849 3935 sacramentali,
1871 3862 1903 3923 to
1924 3868 2012 3922 stato
2023 3862 2063 3923 de
2071 3860 2279 3940 ptihnomini.
2292 3862 2304 3921 i
2314 3860 2512 3940 nrrrpistrati,

502 3945 518 4008 i
535 3943 677 4018 sesceni,
698 3943 733 4005 lo
754 3942 1018 4018 condemnatione,
1041 3943 1076 4004 ia
1097 3942 1318 4005 heatitudine?
1348 3940 1386 4003 ln
1406 3945 1513 4024 praesti
1532 3943 1643 4025 inophi
1662 3945 1733 4006 cosi
1751 3964 1837 4006 corita
1858 3946 1968 4006 rrlatni
1987 3964 2066 4007 sono
2083 3946 2365 4026 inccnnprrarnhilt,
2388 3945 2458 4008 cosi
2471 3962 2512 4007 ne

502 4049 583 4095 sano
616 4028 728 4091 nicaeni
763 4030 856 4110 prati
876 4026 1008 4091 t'hristo
1035 4027 1188 4090 hnc-otreio
1221 4046 1327 4089 essere
1347 4023 1606 4106 manifestissimi
1626 4027 1649 4091 ὰ
1671 4036 1753 4091 tatto
1776 4030 1800 4091 ’t
1819 4030 1912 4111 rotae
1929 4030 1981 4091 ‹t’c
2003 4028 2194 4091 Christiani.
2242 4029 2257 4089 l
2277 4032 2416 4112 misterij
2435 4030 2512 4093 dcta

503 4114 659 4179 Dim'nita
687 4114 745 4176 noi
766 4109 897 4192 sorerno
918 4115 1031 4194 mentio
1053 4113 1210 4187 ademare,
1233 4112 1289 4174 che
1310 4114 1516 4193 inaestiaarc.
1545 4115 1630 4176 Anzi
1648 4132 1743 4177 senza
1762 4114 1891 4196 pande
1911 4116 2054 4195 pertento
2075 4133 2140 4176 nore
2161 4115 2193 4176 si
2212 4135 2351 4195 posenno
2373 4122 2511 4191 tentare,

503 4200 620 4283 topnat
639 4218 717 4262 cosa
737 4218 802 4261 nan
822 4219 903 4262 rare
923 4201 1009 4263 cotta
1030 4200 1175 4262 anchora
1194 4200 1209 4260 i
1227 4199 1317 4260 srcnti
1336 4198 1478 4260 huomini
1496 4200 1604 4262 hanno
1622 4206 1776 4280 procantu.
1821 4199 1862 4262 Et
1886 4199 1953 4263 Dio
1975 4202 2085 4263 ottimo
2107 4202 2256 4262 rarisn'mo
2277 4202 2361 4264 cesti
2380 4201 2418 4262 di
2437 4220 2511 4263 car·

502 4305 544 4349 ne
564 4287 592 4349 it
614 4303 674 4348 saro
691 4283 844 4369 fipir'noto,
865 4304 928 4367 per
950 4286 1038 4348 tirrn·
1058 4287 1114 4349 ria
1135 4284 1235 4347 acida
1258 4286 1291 4347 ta
1314 4287 1580 4365 comtemplatione
1601 4285 1677 4348 deta
1698 4304 1759 4348 sna
1780 4287 1969 4361 attrectare,
1992 4293 2023 4348 et
2044 4288 2201 4348 innitorci
2217 4284 2237 4347 h
2262 4288 2294 4349 ta
2317 4288 2511 4367 eorrtctnpta-

504 4371 590 4435 tione
621 4371 699 4434 deta
730 4378 847 4435 nostra
878 4372 1113 4434 imhecittitacte.
1159 4371 1239 4434 t'osi
1258 4369 1404 4433 anchora
1425 4369 1529 4435 Pnoto
1550 4372 1658 4434 sarrire
1680 4372 1703 4433 ci
1725 4369 1900 4454 Curiatiis,
1929 4371 1986 4434 che
2010 4372 2074 4433 lito
2095 4374 2166 4435 rote
2187 4392 2293 4434 escere
2315 4373 2511 4447 corroseinto,

497 4460 563 4541 per
583 4463 638 4519 nn’
660 4464 750 4520 cerro
770 4476 876 4520 nnanao
893 4459 998 4533 niodo,
1021 4458 1072 4519 cio
1094 4456 1112 4519 h
1132 4476 1194 4538 per
1215 4459 1249 4519 ta
1270 4457 1410 4520 stnttitia
1431 4457 1506 4521 deta
1524 4458 1769 4540 predicatione,
1798 4477 1860 4520 nem
1883 4460 2016 4521 reserato
2038 4467 2125 4522 stam
2148 4467 2260 4538 pretato
2283 4477 2452 4520 corion-ero
2473 4476 2513 4520 ne

501 4544 537 4607 la
557 4543 734 4623 sapientia,
754 4562 817 4625 per
837 4545 873 4606 ta
889 4545 1064 4625 snpientia.
1119 4543 1237 4605 Pereia
1257 4561 1321 4605 non
1342 4542 1511 4607 ‹tohtn‘omo
1543 4547 1601 4607 noi
1619 4563 1720 4626 parre
1742 4551 1862 4625 troppo
1882 4546 2050 4627 ‹titiqentia
2072 4547 2104 4606 in
2128 4547 2202 4627 peri
2221 4545 2331 4627 trophi
2350 4544 2512 4619 tritissimi,

500 4628 540 4692 di
557 4627 638 4705 Dio,
660 4629 736 4692 deta
757 4630 861 4705 ann'tci,
884 4631 958 4692 dela
981 4629 1150 4705 reintrare,
1173 4631 1227 4692 ‹tct
1247 4630 1392 4691 misterio
1413 4630 1490 4692 cleta
1512 4633 1687 4693 creatione
1710 4630 1765 4692 etet
1784 4632 1878 4693 niodo
1900 4632 1974 4693 cteta
1998 4633 2231 4693 incnrnatinnc.
2278 4629 2314 4691 lo
2337 4633 2364 4689 ti
2386 4631 2510 4692 stiman-

500 4714 556 4790 do,
579 4713 636 4776 che
657 4734 735 4777 cosa
757 4713 865 4778 hanno
887 4722 1030 4778 ottennto
1049 4717 1107 4797 pia
1130 4717 1218 4778 tanti
1237 4717 1346 4789 secoli,
1365 4717 1441 4796 arici
1460 4715 1648 4780 scholastici
1658 4715 1854 4796 theotopish,
1885 4717 2105 4797 occnpanrtom'
2125 4719 2156 4777 in
2179 4718 2285 4797 qrtesti
2304 4715 2414 4797 tnophi
2433 4716 2512 4777 soti:

499 4816 566 4863 non
597 4818 678 4863 sono
710 4801 776 4881 essi
806 4801 952 4863 dinemeti
978 4802 1059 4865 sani
1077 4819 1117 4862 ne
1134 4803 1164 4862 te
1184 4819 1241 4863 sne
1262 4801 1487 4881 disparatione,
1510 4810 1631 4864 mentre
1653 4802 1709 4864 che
1729 4802 1764 4862 in
1786 4807 1871 4864 tatto
1892 4804 1926 4865 ta
1948 4822 2008 4864 sna
2029 4804 2099 4864 cita
2121 4803 2291 4864 cianciano
2314 4802 2354 4863 de
2373 4802 2423 4883 pti
2442 4802 2510 4863 rni-

498 4886 634 4963 uersoti,
657 4886 727 4949 stete
744 4882 956 4965 formalitati,
978 4886 1019 4949 de
1040 4886 1218 4961 connomti,
1242 4893 1273 4949 et
1290 4904 1354 4948 non
1375 4905 1413 4949 so
1434 4887 1490 4950 che
1513 4889 1599 4951 altri
1616 4886 1768 4950 rocohnti
1785 4889 1881 4963 cani,
1910 4895 1941 4950 ct
1958 4889 1990 4951 si
2006 4888 2161 4969 potrebbe
2184 4890 2327 4950 tolcrare
2348 4895 2379 4948 et
2401 4894 2512 4950 tacere

499 4972 535 5035 la
555 4972 629 5035 loro
659 4973 812 5048 stoititia,
844 4992 880 5037 se
905 4974 1010 5056 pnette
1024 4992 1123 5055 pazze
1144 4991 1201 5036 erre
1222 4971 1439 5055 dispmtatioai
1457 4988 1520 5036 non
1543 4976 1577 5036 ci
1595 4973 1766 5037 hanessn'no
1787 4981 1940 5039 osarrato
1962 4975 1994 5035 to
2018 4973 2204 5056 hicenpetio,
2227 4981 2258 5035 et
2279 4974 2294 5033 i
2313 4971 2457 5056 hareficij
2476 4972 2514 5035 di

499 5053 642 5121 Christo.
688 5055 788 5121 Certo
803 5077 838 5121 se
858 5060 892 5121 io
912 5077 1015 5121 sorra
1036 5076 1143 5122 essere
1163 5057 1329 5139 inperatore
1355 5058 1390 5119 in
1410 5076 1476 5122 rma
1498 5079 1576 5123 cosa
1598 5078 1661 5121 non
1684 5060 1869 5122 necessaria
1890 5066 1989 5140 potre
2007 5055 2193 5138 socihnente
2214 5060 2418 5141 dirtrnppere
2436 5059 2514 5121 tntti

492 5142 601 5225 wan
619 5145 802 5226 arpumertti
821 5143 877 5207 che
898 5144 1006 5208 hanna
1027 5151 1147 5208 conato
1169 5144 1245 5207 dela
1258 5142 1466 5226 philosophia
1485 5165 1549 5227 per
1570 5146 1604 5209 te
1627 5144 1802 5227 oppenioni
1831 5146 1906 5208 deta
1925 5140 2019 5223 sede:
2054 5152 2085 5207 et
2107 5153 2226 5228 praere
2247 5164 2320 5207 cose
2337 5162 2417 5207 sono
2438 5144 2507 5227 qai·

443 5280 455 5299 .
497 5227 537 5291 si
551 5228 612 5310 pin
633 5236 721 5293 tosto
740 5231 776 5292 in
796 5226 985 5311 defensione
1005 5231 1047 5295 de
1067 5229 1229 5306 h’heresie,
1259 5229 1315 5292 che
1337 5229 1412 5295 deta
1429 5226 1508 5309 sede
1529 5231 1709 5296 catholica.-
1730 5250 1783 5292 mo
1802 5232 1852 5312 pli
1871 5232 1954 5293 attri
1973 5231 2095 5312 trophi,
2117 5234 2152 5294 ta
2170 5226 2268 5309 s'orza
2289 5230 2343 5294 dei
2362 5237 2509 5311 peccato,

498 5314 534 5377 ta
555 5314 657 5396 ioppe,
679 5316 715 5379 la
733 5318 860 5399 pratia,
882 5318 969 5381 calui
987 5316 1131 5380 chonon
1151 5334 1203 5392 so,
1223 5334 1289 5379 aon
1309 5335 1410 5399 oeppo
1432 5337 1518 5380 come
1540 5316 1575 5380 lo
1595 5318 1709 5399 possin
1730 5315 1894 5379 chiamare
1915 5315 2104 5380 chm’stiano.
2139 5315 2323 5398 irnperoche
2340 5314 2386 5378 da
2406 5315 2515 5398 pacati

496 5402 724 5483 propiamme
745 5403 778 5466 si
796 5421 931 5467 conoroe
952 5401 1096 5479 Christo,
1113 5421 1149 5467 se
1165 5420 1234 5484 par
1255 5409 1367 5485 presto
1388 5401 1407 5465 ὲ
1428 5421 1600 5467 conoscere
1616 5402 1759 5478 Christo,
1782 5420 1951 5467 conoscere
1972 5404 1987 5466 i
2005 5404 2079 5467 suoi
2098 5401 2253 5487 heaefiay,
2270 5419 2334 5464 non
2356 5420 2442 5465 come
2462 5402 2511 5463 in·

497 5502 641 5569 caynam
674 5494 806 5551 costoro
837 5489 1060 5573 rispuordare
1092 5490 1123 5552 te
1153 5506 1211 5552 erte
1240 5495 1370 5565 natare,
1400 5495 1432 5552 et
1453 5490 1467 5552 i
1485 5490 1576 5553 modi
1594 5490 1671 5553 cteta
1691 5507 1752 5552 acer
1773 5487 2007 5552 incarnatione.
2031 5508 2066 5553 se
2088 5496 2124 5553 ta
2144 5506 2209 5552 non
2231 5486 2371 5573 saperai
2389 5485 2413 5549 h
2433 5485 2513 5569 quat

495 5568 561 5656 fise
580 5578 613 5635 et
631 5574 783 5639 otititade
805 5572 939 5640 Christo
959 5574 1079 5640 hahhia
1098 5575 1217 5639 oestits
1236 5575 1272 5638 ia
1287 5592 1399 5652 cam,
1432 5581 1463 5639 et
1482 5594 1546 5658 per
1567 5576 1645 5658 quat
1665 5574 1798 5657 mfioue
1818 5577 1870 5639 sia
1891 5582 1980 5639 stato
1997 5582 2091 5657 posto
2113 5575 2148 5639 in
2170 5572 2284 5651 stom,
2317 5571 2374 5637 che
2395 5573 2423 5635 ti
2439 5571 2510 5654 pio·

498 5673 584 5722 sera
606 5660 1104 5727 momentanea?
1126 5658 2025 5747 Ohhostoadonmedicoconoscerekfiparedete
2045 5659 2162 5740 hehe,
2192 5658 2346 5736 tentori,
2377 5656 2512 5722 itrirea·

2304 5776 2356 5829 ⁴8*
