6009 6959
491 719 557 789 717
820 701 822 706 ’
854 714 880 781 1.
901 714 1005 783 Locl
1025 712 1320 783 THEOLOGlGlr
1351 714 1472 781 LlBRl
1493 714 1559 781 AD
1582 711 1676 781 Hoc
1698 713 1815 781 OPUS
1836 713 2133 785 SPEGTANTES.
2451 718 2517 787 718

701 906 734 970 lu
756 906 835 970 tituli
858 906 969 988 pagina
998 926 1109 967 aversa
1135 905 1278 987 leguntur
1304 904 1382 966 haec
1405 907 1529 967 nomina
1549 905 1694 975 virorum,
1725 924 1852 983 quorum
1881 906 2059 968 testimonia
2086 909 2116 968 in
2146 906 2205 969 hoc
2228 906 2338 968 libello
2368 908 2513 969 citantur:

493 996 643 1066 Martini
661 994 810 1071 Latlern‘,
832 992 986 1060 Iohannis
1006 992 1176 1069 Matlresii,
1199 993 1355 1057 Actorum
1377 992 1698 1076 Alrlarbarycasinm,
1721 990 1886 1055 Matthiae
1907 992 2016 1057 Flacii
2035 992 2165 1079 lllyrici,
2191 992 2371 1059 Tilanarmi
2389 994 2514 1060 Hestia-

493 1085 548 1162 sii,
569 1083 727 1148 loaclrirai
745 1081 899 1157 Malioi,
920 1079 1068 1145 Martini
1087 1078 1269 1157 Clreranitii,
1290 1077 1444 1144 lohannes
1464 1077 1493 1143 S
1513 1080 1520 1096 ⁸
1540 1080 1605 1155 elii,
1628 1076 1778 1142 Conradl
1798 1075 1950 1157 Platorii,
1972 1080 2121 1145 Martini
2139 1079 2340 1159 Sidemannrss
2361 1080 2517 1146 loaclrimi

494 1170 699 1248 maenae,
714 1166 862 1249 ,Earicir'
881 1166 1003 1243 Cordi,
1037 1164 1177 1230 Slanom's
1193 1164 1310 1243 Pauli,
1338 1164 1475 1230 Nicolar‘
1528 1165 1702 1247 ariminyii,
1730 1162 1843 1229 lacobl
1866 1164 2094 1244 Heooranai,
2128 1166 2325 1250 heritarum
2347 1165 2515 1251 Principis

495 1255 629 1322 March.
651 1254 860 1330 Brennlenlr„
884 1252 1049 1317 Ecclesiae
1071 1251 1304 1329 Pannoniae,
1326 1251 1472 1317 Decidio
1494 1250 1667 1361 Clytraei,
1690 1249 1792 1316 Pauli
1812 1250 1944 1329 Orelli,
1973 1251 2166 1337 Hieronymi
2191 1252 2339 1332 Welleri,
2362 1253 2515 1321 loliaam‘s

493 1341 625 1421 Nicaei,
648 1341 760 1407 lacobr‘
779 1340 945 1415 Andreae,
967 1338 1105 1403 Nicolai
1123 1337 1317 1416 Setaeecceri,
1341 1338 1479 1422 Georyii
1506 1337 1538 1399 ll
1546 1337 1677 1417 altlreri,
1699 1336 1854 1404 lolamds
1873 1337 2022 1403 Maioris
2044 1338 2207 1405 loaclrirni.
2252 1339 2331 1403 inim
2358 1339 2435 1406 haec
2464 1363 2515 1403 no-

494 1431 577 1493 mina
597 1429 692 1491 additi
715 1434 789 1489 sunt
810 1426 841 1488 hi
864 1445 976 1486 versus
999 1424 1132 1505 Sogdii,
1157 1446 1236 1506 quos
1258 1428 1349 1488 etiam
1371 1427 1453 1506 prior
1475 1425 1568 1487 editio
1591 1427 1621 1487 iu
1643 1426 1754 1507 pagina
1776 1425 1855 1487 tituli
1878 1444 1987 1486 aversa
2009 1425 2147 1488 exhibet:

1417 1579 1579 1661 Stiyelias.

998 1733 1151 1795 Occtrbuit
1172 1737 1276 1794 sancti
1306 1732 1589 1799 CONSHNHA
1617 1741 1714 1795 morte
1743 1733 1891 1806 helleni,

996 1819 1153 1900 Deficiens
1175 1819 1254 1881 cont
1276 1828 1374 1881 tamem
1397 1819 1657 1883 CONCORDJA
1680 1818 1794 1901 Snenfi.

1002 1905 1136 1968 Tandem
1158 1910 1256 1967 onnds
1272 1910 1371 1988 periit
1394 1910 1543 1969 moriente
1564 1906 1763 1969 Melantleane
1782 1904 2018 1985 CANDOR.·)

670 2126 673 2130 ,
703 2061 765 2137 Qui
787 2061 906 2125 illorum
925 2062 1078 2123 nominum
1102 2061 1272 2142 catalogum
1295 2084 1363 2123 cum
1384 2065 1492 2144 prioris
1515 2062 1668 2125 Editionis
1693 2062 1831 2142 catalogo
1854 2061 1986 2133 confert,
2021 2061 2103 2123 illico
2137 2060 2306 2142 intelliget.
2339 2060 2419 2124 hanc
2440 2061 2513 2125 alte·

497 2172 560 2217 ram
581 2151 721 2235 pluribus
744 2150 929 2212 testimoniis
954 2170 1029 2208 esse
1047 2156 1177 2211 auctam.
1233 2148 1320 2210 Haec
1347 2149 1488 2210 collectio
1523 2148 1685 2229 Georgii
1719 2148 2041 2229 Rollenhagii”)
2075 2149 2104 2209 in
2131 2150 2188 2210 tria
2210 2151 2311 2228 capita
2332 2147 2432 2210 divisa
2453 2155 2513 2221 cst,

497 2261 624 2323 quorum
642 2239 770 2321 primurn
804 2236 869 2317 (iol.
893 2237 924 2296 A
947 2233 1255 2311 2⁸-012med.)
1284 2236 1386 2296 varios
1405 2238 1541 2297 continet
1561 2235 1649 2297 locos
1676 2255 1696 2295 e
1716 2234 1926 2297 Melanthonis
1952 2236 2078 2316 scriptis
2100 2233 2261 2307 collectos,
2285 2236 2314 2295 in
2338 2236 2451 2315 quibus
2475 2237 2513 2296 de

497 2326 593 2389 Locis
617 2328 685 2388 suis
708 2325 850 2399 discerit;
873 2324 902 2383 in
915 2319 992 2401 Cap.
1016 2319 1051 2382 ll.
1075 2320 1141 2400 (iol.
1166 2319 1193 2382 C
1218 2326 1251 2382 1·
1271 2321 1426 2382 meri—K
1450 2325 1484 2384 3b
1506 2323 1601 2400 med.)
1623 2323 1799 2383 testimonia
1833 2324 2063 2403 praecipuorum
2086 2320 2203 2401 aliquot
2223 2321 2392 2383 Doctorum
2422 2342 2516 2404 supra

497 2420 737 2476 enumeratorum
761 2410 956 2491 exhibentur3
983 2408 1013 2468 in
1033 2404 1108 2488 Cap.
1132 2404 1181 2468 lll.
1206 2407 1273 2487 (sol.
1296 2408 1326 2469 K
1346 2410 1380 2469 3l’
1402 2406 1555 2470 merl-L
1574 2412 1608 2469 2·
1628 2409 1724 2486 med.)
1749 2408 1788 2469 de
1810 2410 1935 2489 privatis
1965 2408 2205 2489 theologicorum
2233 2408 2375 2470 librorum
2405 2409 2514 2470 conde·

497 2501 700 2564 mnationibus
730 2494 1148 2578 agitu13ult.paginaalba
1171 2503 1230 2557 est.
1254 2533 1295 2542 -
1318 2494 1404 2556 Hanc
1423 2495 1549 2557 alteram
1571 2494 1630 2556 Ed.
1655 2496 1788 2575 denique
1806 2514 1834 2556 a.
1861 2499 1953 2560 1590.
1972 2503 2082 2557 secuta
2104 2502 2154 2556 est
2176 2497 2271 2556 tertia
2288 2498 2337 2557 sic
2354 2497 2513 2576 inscripta:

704 2652 755 2714 De
779 2652 823 2713 D.
852 2650 975 2730 Philip.
1004 2650 1067 2709 Me·
1088 2650 1092 2733 Ι
1113 2647 1227 2710 lancti.
1247 2648 1346 2710 Locis
1364 2651 1370 2734 Ι
1391 2648 1628 2728 Cornrnrmilmsl
1652 2648 1841 2710 Testimonia
1860 2651 1865 2735 Ι
1881 2654 2125 2730 praecipuorum
2151 2649 2384 2729 Theoloycrrnn.
2405 2652 2411 2734 Ι
2431 2652 2515 2712 Mar·

747 2741 809 2800 tini
835 2735 977 2809 bertheri,
999 2738 1003 2814 Ι
1022 2735 1155 2796 Ioannis
1183 2734 1344 2814 Malles&
1364 2736 1369 2821 Ι
1389 2736 1538 2798 Actorrnn
1567 2735 1876 2815 Alelenbaryensimm
1896 2738 1901 2820 Ι
1920 2736 2077 2799 Matthiae
2094 2736 2231 2818 Flacci}
2252 2738 2388 2821 Illyrici,
2410 2738 2415 2822 Ι
2438 2737 2516 2800 Tile-

745 2827 851 2885 manna
872 2823 1033 2906 Heslrasij,
1056 2820 1233 2907 lloaclrimi
1254 2822 1397 2895 Moruni,
1418 2826 1422 2907 Ι
1442 2823 1578 2885 Μανίὶηἰ
1601 2822 1777 2904 Clrernaitij,
1797 2826 1803 2904 Ι
1822 2824 1953 2883 Ioannis
1969 2823 2110 2905 Stiyelij,
2130 2827 2135 2907 Ι
2157 2823 2301 2885 Conradi
2326 2826 2472 2901 Pistorij,

746 2911 881 2974 Martini
892 2910 1085 2981 Sldesaaaas‘,
1105 2910 1110 2991 Ι
1130 2907 1285 2970 Ioaclsiari
1298 2909 1484 2993 Carnes-aris,
1505 2913 1510 2994 Ι
1530 2909 1657 2991 Earicij
1669 2909 1781 2981 Coreli,
1801 2911 1808 2993 Ι
1825 2910 1961 2970 Simonis
1977 2910 2088 2989 Pauli,
2108 2914 2113 2990 Ι
2131 2909 2263 2974 Nicolai
2273 2910 2472 2995 Herennianis,

746 2996 859 3059 lacoli
881 2996 1091 3068 Heerbramli,
1136 2994 1288 3074 Leyator.
1312 2995 1368 3056 Pr.
1388 2997 1510 3059 Illnrclt.
1529 2997 1655 3058 Branrl.
1676 3001 1681 3074 Ι
1701 2995 1866 3057 Ecclesiae
1888 2996 2103 3069 Porneraniaa
2124 2997 2130 3079 Ι
2150 2996 2289 3059 Danielis
2313 2998 2472 3084 Clytraei,

746 3082 844 3144 Pauli
868 3082 991 3164 Crellij‚
1011 3088 1016 3162 Ι
1037 3083 1222 3164 Hieronymi
1256 3080 1393 3156 Wellerl,
1414 3086 1419 3165 Ι
1438 3084 1592 3146 lobannis
1623 3082 1747 3157 Nicaei,
1767 3088 1772 3165 Ι
1791 3083 1903 3145 lacoli
1935 3083 2092 3159 Andreae,
2113 3086 2117 3168 Ι
2136 3083 2268 3146 Nicolai
2285 3083 2497 3172 Selnecceril

747 3167 882 3250 Georqij
910 3168 1073 3240 Waltlreri‚
1093 3171 1098 3252 Ι
1117 3169 1269 3230 Iohannis
1289 3170 1426 3231 Illaioris
1447 3170 1610 3232 loaclrimi.
1659 3168 1739 3231 lnsra
1761 3171 1835 3233 hacc
1854 3170 1949 3233 additi
1967 3182 2039 3234 sunt
2057 3171 2102 3235 illi
2124 3184 2186 3234 tres
2210 3169 2332 3260 sugelii
2350 3194 2460 3237 versus
2484 3182 2516 3235 et

746 3254 835 3317 locus
856 3255 976 3338 Epiros.
1002 3261 1043 3327 4.,
1062 3263 1156 3336 atque
1178 3255 1275 3317 hocce
1297 3255 1479 3320 Distichonz
1942 3259 1947 3266 “

1413 3411 1457 3472 D.
1488 3413 1526 3475 A.
1553 3409 1596 3471 Β.

1051 3547 1200 3631 Quisnam
1218 3568 1305 3610 arnas
1326 3552 1394 3609 ceri
1414 3550 1560 3622 studiana,
1579 3548 1647 3631 leye
1665 3552 1787 3630 scripta
1804 3547 1960 3634 Philippi.

1157 3634 1222 3696 Hic
1244 3635 1390 3698 Metlodi
1406 3657 1543 3698 normam
1564 3637 1738 3720 inteliciJ'qae
1759 3636 1866 3702 dabit:

705 3790 876 3861 Seraestae,
896 3796 901 3870 Ι
920 3788 1111 3850 Eacadelat
1132 3787 1364 3853 Bonaaentura
1382 3788 1487 3853 Faber
1506 3793 1512 3874 Ι
1531 3790 1623 3853 Anno
1648 3796 1740 3857 1590.
1762 3828 1806 3842 -—
1824 3790 1871 3874 (ln
1895 3754 1983 3871 finer)
2014 3792 2187 3862 δεήσεται,
2207 3794 2211 3871 Ι
2231 3789 2420 3852 Exacdebat
2448 3790 2514 3854 Bo·

744 3875 1063 4039 ἒξῐιὲεηιὲινξηῖἀὸεν,
1084 3876 1090 3959 Ι
1108 3876 1200 3936 Azrno
1220 3876 1225 3961 Ι
1244 3876 1407 3941 11111410.
1457 3883 1538 3966 ¹⁰¹le
1573 3879 1672 3960 pugg.
1705 3879 1765 3942 litt.
1788 3879 1911 3941 A-·-1.
1941 3880 1982 3959 (1.
2011 3877 2045 3963 ΙΙ,
2065 3878 2162 3959 plag.)
2188 3880 2278 3958 sign..
2303 3882 2342 3940 42
2367 3878 2431 3940 soll.
2454 3899 2513 3941 non

703 4116 788 4178 Haec
819 4114 879 4178 Ed.
913 4118 952 4178 ab
987 4114 1082 4176 altera
1114 4122 1231 4178 tanturn
1261 4116 1351 4178 titulo
1374 4123 1406 4180 et
1427 4119 1693 4200 subsequentibus
1716 4119 1813 4182 tribus
1835 4118 1930 4191 loliis,
1950 4138 2029 4200 quae
2047 4117 2149 4179 denuo
2168 4119 2333 4180 maioribus
2356 4120 2439 4201 typis
2464 4139 2512 4180 ex·

499 4220 610 4282 pressa
630 4209 711 4275 sunt,
735 4211 827 4284 atque
849 4200 1000 4263 Clausala
1021 4201 1129 4264 differt.

702 4358 822 4420 Similis
844 4358 1013 4438 argumenti
1036 4363 1108 4418 sunt
1129 4356 1244 4419 haecce
1266 4360 1396 4441 scripta:
2566 4448 2568 4453 Ι

708 4483 733 4544 1.
760 4478 949 4541 Testirnonia
969 4479 1012 4542 D.
1034 4478 1170 4541 Martini
1193 4477 1325 4540 Latlreri
1346 4480 1387 4541 cle
1408 4482 1497 4545 socio
1520 4479 1665 4541 laborarat
1687 4487 1718 4541 et
1730 4480 1943 4561 periculones
1965 4478 2509 4561 saormnPlrilippolllelanclrtlrone.

745 4567 951 4628 Accesserant
972 4574 1002 4627 et
1022 4566 1154 4628 aliorum
1177 4565 1463 4630 laudatissimorum
1484 4569 1623 4627 carorum
1640 4566 1682 4628 cle
1702 4567 1810 4628 eodem
1831 4565 1985 4650 Philippo
2008 4570 2196 4648 scriptisque
2213 4570 2280 4628 eius
2301 4567 2424 4631 incilicia
2440 4588 2511 4651 per·
2622 4598 2627 4607 ·

744 4672 835 4733 qaam
856 4652 1039 4733 honorifica.
1065 4652 1158 4733 (lurra
1179 4652 1257 4714 haec
1275 4653 1379 4718 addita
1401 4661 1452 4717 est
1469 4653 1678 4716 Melanthonis
1696 4656 1821 4736 imago.)

1435 4808 1580 4872 Plautus.

747 4943 905 5007 Maltisin
913 4944 1274 5027 quaesiuerttlresaurns
1284 4945 1435 5008 multicia
1446 4946 1656 5028 loquacitas,
1671 4949 1860 5029 alariaestni
1880 4944 2015 5007 labeant
2046 4946 2233 5029 maleloqui
2254 4949 2295 5008 rle
2319 4947 2507 5010 saliaribus.

747 5068 838 5128 1580.
858 5102 899 5112 —
922 5063 968 5145 (ln
992 5065 1083 5144 finies)
1103 5064 1241 5127 Gorlicii
1257 5065 1438 5130 onerosius
1460 5067 1586 5128 ltitscl
1604 5066 1780 5130 excutiebat
1802 5069 1841 5128 A.
1869 5071 1960 5133 1580.
1981 5071 1999 5128 6
2018 5067 2119 5149 plagg.
2143 5073 2171 5131 4.
2560 5064 2563 5070 ’

477 5299 481 5305 ’
606 5302 631 5370 ⁸)
649 5306 719 5358 Hanc
737 5306 876 5360 sditionem
894 5319 928 5360 ex
944 5307 1063 5360 Biblioth.
1081 5308 1153 5370 regia
1170 5310 1312 5371 stuttgard.
1331 5310 1358 5363 tn
1375 5312 1494 5363 manibus
1513 5312 1597 5366 teneo.
1634 5309 1715 5363 Etiam
1733 5309 1759 5362 in
1776 5309 1893 5363 Bibliotta
1911 5311 1984 5372 regia
2002 5310 2085 5362 Berot.
2105 5314 2132 5365 et
2149 5316 2232 5365 senat.
2251 5312 2362 5366 Norint).
2375 5314 2467 5365 exstat.

592 5402 630 5467 ”t
649 5410 741 5471 Georg.
766 5411 903 5464 Batthssar
919 5410 1050 5464 scharflas
1067 5410 1093 5462 in
1110 5413 1162 5463 not.
1189 5411 1222 5463 ad
1239 5411 1300 5465 Luc.
1327 5412 1446 5466 osiandri
1466 5413 1590 5467 admonit
1610 5413 1642 5465 de
1660 5413 1751 5467 studiis
1769 5413 1842 5466 verbi
1859 5412 1908 5466 div.
1925 5414 2096 5467 ministrorum
2120 5415 2225 5478 nnvatis
2251 5419 2322 5469 recte
2346 5415 2509 5470 instituendis

650 5490 675 5541 n.
695 5480 739 5530 56.
759 5480 886 5543 opinatur,
903 5481 979 5533 huius
997 5481 1077 5532 libelli
1095 5484 1226 5533 auctorem
1244 5494 1305 5535 esse
1324 5482 1529 5545 (taenarium
1547 5483 1754 5543 Richterum,
1772 5484 1816 5546 qui
1832 5483 1911 5537 ettam
1930 5479 2052 5536 Iudicia
2076 5482 2215 5552 florentis
2240 5480 2362 5538 scholas
2391 5481 2506 5537 Melas

652 5542 792 5598 etthonis
807 5549 896 5603 edidit.
915 5549 987 5615 (ude
1006 5549 1095 5615 intra.)

581 5645 634 5711 m)
650 5650 720 5704 Haec
737 5651 781 5703 Ed.
801 5663 834 5705 ex
851 5654 964 5707 Bicltotlr.
983 5653 1096 5707 Mariam
1113 5653 1218 5709 liciensi
1236 5658 1264 5707 et
1280 5655 1353 5719 resia
1370 5656 1513 5720 stuttgard.
1531 5655 1594 5709 mut
1610 5654 1645 5709 at
1662 5667 1755 5710 manus
1774 5659 1822 5710 est
