6009 6959
734 736 742 747 '
880 764 905 837 ι,
927 744 1038 870 noct·
1050 763 1335 833 rucomcrcn
1354 763 1475 833 usar
1494 764 1560 832 so
1581 764 1674 833 uoc
1695 763 1813 832 orus
1833 764 2131 834 seucrsurrs.

701 963 729 1018 1.
751 953 903 1019 currere
925 912 1057 1016 cordi:

1151 1105 1340 1177 Communes
1362 1107 1464 1186 sapidi
1480 1108 1583 1168 Locos
1605 1104 1741 1187 Philippi

1150 1193 1277 1255 Aeterni
1294 1193 1433 1255 madidas
1455 1193 1537 1255 cedri
1559 1192 1677 1273 liquore

1153 1277 1288 1350 Summa,
1313 1298 1401 1358 quem
1424 1285 1525 1357 potes,
1549 1277 1705 1356 eleganter
1726 1283 1789 1338 arte
1887 1278 1891 1285 '

1153 1362 1228 1424 Mox
1250 1364 1420 1444 compinge,
1443 1362 1568 1443 polique
1590 1363 1752 1443 levigeque

1152 1448 1195 1511 Et
1216 1450 1297 1529 picta
1317 1457 1388 1529 tege
1406 1448 1499 1529 pelle,
1524 1450 1696 1528 sericisque

1153 1534 1299 1595 Auratum
1322 1534 1396 1596 mihi
1418 1534 1524 1613 ligulis
1547 1534 1668 1595 adorna

1152 1619 1335 1681 hlonstrauti
1354 1621 1480 1700 iusuper
1496 1619 1610 1681 allahre
1627 1619 1766 1681 Minerva

1152 1702 1245 1767 Albis
1267 1708 1347 1784 stipa
1371 1725 1525 1784 oneraque
1549 1705 1726 1784 margaritis.

1149 1788 1230 1851 Nam
1252 1791 1360 1869 quales
1382 1789 1460 1853 liher
1480 1789 1532 1851 hic
1549 1811 1626 1871 opes
1648 1789 1795 1862 recondit,

1152 1872 1220 1937 'l'ali
1241 1876 1335 1938 dehet
1357 1884 1389 1937 et
1407 1878 1540 1936 emiuere
1562 1875 1657 1939 cultu.
1705 1932 1720 1949 ,

700 2064 730 2121 t.
753 2059 945 2123 iohannis
969 2059 1134 2148 Stigelii
1156 2064 1186 2124 in
1209 2065 1278 2123 eins
1297 2061 1435 2126 Poemat
1479 2061 1517 2123 P.
1541 2066 1566 2124 I.
1590 2062 1643 2122 iol.
1671 2063 1776 2125 197⁵=

1151 2213 1255 2295 Pingit
1277 2223 1311 2277 ut
1327 2218 1400 2276 aerii
1423 2217 1462 2275 de
1483 2219 1598 2278 vertice
1615 2217 1704 2296 lapsa
1725 2214 1831 2275 Sionis

1195 2304 1301 2381 Irrigat
1323 2301 1484 2363 humentes
1507 2304 1597 2382 eopia
1619 2304 1695 2361 roris
1718 2320 1826 2380 egrosr

1149 2386 1244 2449 Altus
1268 2394 1300 2448 ut
1318 2387 1482 2466 egrediens
1504 2389 1677 2467 stagnantia
1693 2385 1794 2447 littora
1813 2384 1906 2445 Nilus

1196 2472 1358 2534 Foetihcet
1378 2472 1462 2552 largo
1484 2493 1553 2533 rure
1569 2475 1736 2554 propinqua
1758 2472 1843 2531 sinu:

1151 2558 1206 2619 Sic
1230 2557 1288 2619 hoc
1309 2577 1419 2638 sparsa
1440 2558 1517 2619 libro
1540 2579 1630 2619 verae
1652 2559 1788 2619 doctrina
1810 2555 1922 2618 salutis

1196 2646 1339 2705 Aeternis
1363 2644 1470 2723 implet
1490 2651 1615 2724 pectora
1636 2651 1742 2704 sanctu
1766 2643 1864 2703 honis.

1152 2727 1295 2809 llxplioet
1317 2731 1417 2790 invicti
1441 2731 1524 2807 quod
1544 2732 1593 2790 sic
1616 2728 1738 2789 orne-ule
1760 2728 1886 2798 vunnu,

1194 2814 1320 2876 Nullum
1342 2814 1402 2876 hoo
1423 2817 1452 2875 in
1476 2818 1564 2877 terris
1587 2816 1723 2877 sanetius
1746 2820 1828 2875 extat
1850 2832 1938 2893 opus.

700 3004 730 3061 3.
753 3000 915 3062 Martini
937 3000 1180 3065 Sidcmannir

1152 3158 1256 3218 Aurea
1277 3176 1357 3217 nnnc
1374 3155 1542 3217 hlethodus
1564 3175 1675 3235 magno
1695 3161 1836 3217 contexte
1851 3151 1988 3234 Philippi

1196 3244 1332 3320 Ingenio,
1355 3240 1459 3322 gracili
1478 3242 1614 3303 continet
1636 3243 1698 3301 ista
1718 3247 1801 3321 typo.

1151 3325 1247 3409 loque
1269 3327 1358 3388 locos
1376 3328 1485 3407 redigit
1506 3347 1643 3389 summas
1662 3327 1852 3388 discentibus
1870 3330 1968 3405 aptus,

1197 3409 1265 3474 Ceu
1288 3432 1379 3492 grave
1401 3415 1511 3493 pictori
1532 3413 1614 3475 linea
1636 3418 1782 3473 monstret
1804 3431 1894 3492 opus.

1152 3497 1220 3558 Non
1239 3498 1338 3578 liquor
1354 3496 1516 3579 Hyblaeus
1538 3500 1585 3560 sic
1602 3497 1756 3560 delectare
1775 3497 1921 3578 palatum,

1199 3582 1243 3645 Ut
1264 3583 1341 3646 liber
1363 3583 1414 3647 hic
1435 3586 1553 3647 animos
1576 3585 1728 3646 erudiisse
1749 3590 1863 3664 potest

699 3771 785 3829 Haec
808 3769 909 3848 elogia
930 3778 1003 3832 sunt
1025 3773 1165 3843 virorum,
1189 3775 1240 3852 qui
1258 3794 1381 3855 semper
1403 3780 1488 3835 eraut
1508 3772 1717 3834 Melanthonis
1741 3774 1840 3833 amici.

698 3920 761 3981 Alii
785 3928 888 3982 contra
905 3923 990 4002 prius
1014 3924 1135 4003 quidem
1158 3924 1341 3987 laudatores
1363 3930 1442 4002 eius,
1464 3933 1576 4008 postea
1596 3948 1668 3987 vero
1697 3925 1933 4006 reprehensores
1960 3925 2096 3984 acerrimi
2122 3924 2252 3986 luerunt.
2319 3922 2400 3986 luter
2421 3943 2502 4004 qnos

494 4007 632 4087 inprimis
653 4006 846 4068 Matthias
868 4006 1027 4069 Flacius
1050 4009 1228 4072 referendus
1252 4018 1312 4084 est,
1335 4013 1456 4092 dequo
1479 4010 1657 4095 christoph.
1679 4010 1824 4072 Penelius
1852 4013 1882 4070 in
1906 4007 2037 4089 epistola
2058 4008 2256 4080 dedicatoria,
2291 4029 2381 4088 quarn
2404 4009 2502 4071 Loco·

493 4114 558 4155 rum
581 4092 821 4173 theologicorum
844 4093 980 4173 Strigelii
1001 4094 1098 4156 'l'omo
1117 4092 1139 4156 l.
1164 4099 1309 4177 praefixit,
1333 4098 1385 4159 iol.
1410 4118 1428 4158 a
1451 4101 1558 4159 4¹³—h
1585 4105 1616 4160 l·
1636 4098 1713 4159 haec
1734 4097 1842 4158 reiert:
1857 4095 1968 4168 .‚,Qutn
1991 4101 2023 4155 et
2043 4094 2179 4156 Flaciurn
2197 4094 2359 4175 illyricum,
2383 4097 2435 4174 qui
2446 4097 2503 4175 pri·

494 4199 564 4240 mus
585 4181 614 4240 in
638 4178 742 4240 herum
765 4179 973 4241 Ecclesinmm
997 4183 1079 4253 sinu,
1098 4202 1176 4260 quae
1200 4191 1272 4245 suut
1293 4184 1434 4246 addictae
1456 4182 1655 4246 confessioni
1678 4185 1895 4264 Angustam,
1918 4181 2058 4241 arrodere
2076 4182 2241 4242 doctrinam
2261 4179 2410 4242 Locorum
2433 4178 2504 4242 Phi·

494 4264 568 4345 lippi
593 4273 704 4346 postes
726 4286 823 4327 susus
847 4272 906 4335 est,
928 4273 1089 4346 antequam
1112 4268 1294 4331 lectionibus
1315 4291 1392 4332 sese
1410 4272 1583 4343 muniisset,
1608 4278 1641 4332 et
1663 4291 1729 4331 cum
1754 4267 1870 4349 aliquid
1890 4266 1991 4328 adhuc
2012 4286 2107 4327 sanae
2129 4268 2239 4328 mentis
2265 4266 2401 4339 haberet,
2419 4286 2503 4348 prae·

496 4350 576 4411 elere
601 4353 763 4415 admodum
791 4353 831 4414 de
853 4351 913 4413 hoc
935 4351 1012 4413 lihro
1031 4354 1071 4414 ad
1092 4353 1268 4436 Philippum
1288 4358 1456 4437 scripsisse
1474 4364 1611 4428 constat,
1645 4377 1713 4417 cum
1738 4354 1786 4415 his
1817 4355 1897 4435 ipsis
1919 4353 2021 4413 verbis
2043 4352 2084 4414 ad
2104 4374 2172 4414 eum
2195 4359 2344 4415 utereturr
2376 4351 2504 4414 Minime

495 4456 553 4516 ego
577 4438 638 4508 odi,
662 4458 741 4518 quae
759 4446 791 4499 tu
814 4439 941 4509 erudite,
965 4441 1015 4518 pie
1033 4447 1065 4500 et
1087 4441 1201 4502 utiliter
1222 4444 1384 4523 scripsisti.
1445 4444 1549 4503 Locos
1574 4450 1645 4504 tuos
1669 4461 1846 4503 communes
1869 4447 1930 4500 tarn
1952 4439 2064 4500 nollem
2088 4440 2203 4520 perire,
2222 4457 2313 4518 quarn
2335 4459 2386 4499 me
2403 4441 2504 4519 ipsum

495 4525 609 4583 misere
626 4527 725 4604 perire
748 4524 871 4585 nollem.
884 4528 917 4601 ⁶)
961 4522 1053 4586 Extat
1075 4527 1208 4607 epistola
1225 4530 1310 4609 typis
1332 4530 1494 4609 impressa,
1518 4535 1550 4590 et
1572 4549 1650 4590 sono
1674 4537 1780 4608 quarto
1800 4533 1874 4608 post
1896 4524 2022 4587 Lutheri
2044 4533 2171 4586 mortem
2188 4527 2317 4605 scripta,
2344 4544 2406 4605 qno
2429 4532 2504 4585 tem·

495 4628 570 4688 pore
593 4612 682 4670 etiam
706 4611 765 4671 hoc
797 4610 922 4690 scripsit
950 4609 1075 4672 Flacius
1099 4614 1127 4673 in
1150 4613 1227 4675 lihro
1250 4615 1291 4675 de
1313 4617 1394 4675 notis
1416 4614 1611 4676 Antichristi:
1645 4616 1752 4676 Sciunt
1774 4614 1835 4693 ipsi
1854 4632 1977 4693 qnoque
1995 4609 2152 4691 Pupistae
2181 4612 2211 4671 in
2234 4612 2374 4672 omnihus
2392 4611 2505 4671 nostris

455 4725 458 4729 v
496 4693 651 4756 Ecclesiis
674 4698 716 4757 ita
734 4697 896 4758 doctrinam
931 4692 1046 4757 Christi
1069 4699 1163 4770 trudi,
1196 4703 1277 4761 sicut
1300 4719 1338 4761 ea
1365 4702 1394 4761 iu
1416 4699 1456 4762 1).
1480 4699 1616 4781 Philippi
1633 4700 1712 4761 locis
1735 4701 1947 4760 communibus
1970 4697 2193 4777 comprehense
2214 4705 2295 4758 est«
2361 4698 2404 4757 At
2424 4694 2507 4756 hand

495 4777 587 4860 longe
610 4790 683 4862 post
704 4785 733 4843 in
755 4782 915 4864 permultis
939 4780 1054 4843 libellis
1079 4804 1169 4862 quam
1191 4788 1319 4847 maxime
1340 4787 1468 4857 studuit,
1490 4795 1524 4847 ut
1547 4785 1618 4847 huic
1642 4786 1739 4866 Operi
1760 4783 1970 4846 Melanthonis
2000 4784 2111 4867 emmio
2145 4803 2266 4844 omnem
2287 4783 2505 4845 auctoritatem

497 4865 679 4955 detraheret,
699 4889 760 4949 quo
783 4867 912 4930 consilio
931 4867 1006 4929 illud
1029 4876 1142 4932 tontum
1172 4870 1410 4933 Vocodulcriuos
1429 4891 1473 4932 etc
1493 4892 1555 4954 quo
1577 4873 1731 4933 nominare
1752 4870 1882 4932 solehst
1895 4873 1950 4946 ”)

596 5221 623 5292 ⁸)
650 5228 719 5281 fleee
735 5229 837 5283 sunm
853 5229 888 5280 ed
905 5229 1096 5317 ttelenthonem
1114 5230 1218 5294 scripsit
1235 5231 1262 5283 tn
1280 5231 1392 5294 epistole
1409 5242 1501 5284 meuse
1519 5231 1591 5284 lunio
1608 5243 1632 5284 a
1650 5232 1726 5285 tots.
1747 5242 1761 5282 e
1780 5230 1954 5292 mdeoumo
1971 5229 2006 5282 ed
2024 5240 2084 5282 enm
2102 5230 2191 5283 uisse.

585 5343 630 5410 en)
646 5347 683 5468 op
700 5347 750 5399 hec
767 5359 796 5399 re
815 5349 1002 5469 i5trohettuputn
1020 5349 1037 5401 1.
1054 5344 1173 5469 fflrpptgr
1191 5360 1212 5414 p
1231 5344 1326 5447 md·
1347 5352 1368 5402 1.
1387 5363 1411 5413 p.
1433 5353 1489 5404 tot.
1508 5362 1541 5432 er
1558 5350 1603 5403 Ph.
1620 5336 1792 5402 'ttet'enthonts
1810 5349 1935 5455 reprom,
1954 5348 2103 5447 Poematpm
2122 5346 2270 5461 tolsttseltt
2287 5330 2414 5419 volumini
2431 5348 2509 5469 terttp

529 5517 532 5523 .
648 5418 746 5547 tus
760 5419 946 5551 litalde}
965 5416 2510 5553 litter.*ericusa‘trussellustestacia*turtureus

648 5558 834 5615 onomasuron,
851 5556 992 5609 ostendens
1010 5557 1111 5608 astices
1129 5550 1329 5617 significationes
1348 5568 1438 5609 vocum
1456 5558 1555 5621 ettquot
1572 5558 1597 5609 tn
1616 5557 1742 5620 Ecclesia,
1765 5555 1918 5618 praesertim
1936 5566 2041 5616 esrum,
2059 5566 2125 5619 oure
2144 5556 2222 5616 tonso
2239 5561 2354 5617 empore
2378 5554 2412 5605 ed
2435 5564 2510 5616 pere·

648 5624 750 5682 sunem
769 5623 981 5684 stantnrertonem
1000 5624 1117 5677 detortae
1135 5630 1203 5681 sunt
1221 5623 1311 5678 videor
1328 5625 1462 5679 meliorem
1480 5637 1586 5691 operam
1604 5637 1731 5684 necesse.
1748 5637 1824 5690 ouem
1844 5626 1866 5677 st
1886 5624 2035 5689 Pyramides
2053 5623 2233 5687 immaturum
2252 5624 2350 5677 slmiles
2368 5622 2510 5677 exsucata·

648 5702 715 5744 sem.
732 5691 832 5746 laudet
849 5693 953 5746 viduam
963 5693 1088 5758 curteum
1105 5704 1173 5758 quae
1190 5686 1243 5742 dds
1259 5689 1343 5743 uma
1361 5695 1457 5759 tempto
1474 5694 1578 5755 monte
1597 5694 1641 5761 ss
1657 5705 1704 5748 eur
1719 5704 1772 5748 non
1790 5690 1894 5746 tridunt
1911 5694 2042 5747 doarium
2060 5704 2153 5759 corpus
2170 5693 2265 5746 mellus
2283 5682 2478 5756 ernlteenmt‘

2251 5789 2304 5843 id'
