6009 6959
2363 554 2388 609 4

497 712 564 779 723
1131 705 1248 773 PlllL.
1270 704 1373 772 MEL.
1389 702 1581 775 'SCRIPTA
1597 699 1880 770 paumannos.
2452 698 2515 765 m
2555 682 2570 727 ¹

499 903 577 962 inter
595 906 735 960 caeteros
760 897 840 959 solis
861 898 958 958 instar
975 898 1090 957 enitent
1111 897 1185 957 Loci
1209 894 1374 973 theologici
1397 902 1428 954 et
1449 892 1586 955 Examen
1606 891 1836 953 ordinandomm
1855 912 1875 954 a
1894 866 2040 972 Philippo
2064 891 2229 973 scriptum,
2251 891 2282 951 in
2306 910 2369 970 quo
2393 908 2512 951 summa

498 987 652 1047 doctrinas
671 984 855 1045 christianae
878 985 906 1043 in
931 983 1102 1062 quindecim
1121 983 1208 1042 locos
1230 982 1393 1041 distributa
1415 981 1547 1041 omnium
1571 979 1779 1041 eruditissime
1802 977 2096 1060 elegantissimeque
2118 977 2260 1057 exposita
2281 983 2367 1039 est.“

704 1136 737 1198 ln
757 1138 844 1197 eius
856 1136 934 1196 dem
959 1136 997 1195 ad
1010 1132 1104 1213 Casp.
1117 1133 1324 1195 Eberhardum
1343 1133 1486 1213 epistolis
1509 1152 1538 1212 p.
1553 1137 1625 1195 506.
1645 1131 1722 1193 haec
1743 1130 1900 1213 leguntura
1925 1134 2026 1205 „Amo
2045 1137 2077 1192 et
2093 1149 2220 1193 veneror
2230 1128 2368 1210 Philippi
2391 1148 2509 1202 nomen,

499 1225 665 1286 doctrinam
688 1230 720 1283 et
740 1224 847 1282 merita
869 1241 942 1300 erga
959 1220 1143 1291 Ecclesiam,
1167 1241 1225 1280 nou
1248 1221 1360 1290 minus,
1383 1237 1474 1296 quarn
1496 1215 1616 1289 illorum
1639 1220 1812 1298 quisquam.
1878 1217 1920 1280 Et
1944 1218 2069 1278 formam
2088 1234 2185 1277 sanae
2206 1216 2365 1278 doctrinae
2388 1217 2418 1276 iu
2442 1212 2510 1277 Phi·

496 1309 572 1390 lippi
591 1309 670 1369 locis
695 1327 731 1367 ac
754 1308 884 1368 caeteris
908 1301 1031 1385 scriptffi
1056 1307 1173 1385 corpori
1195 1306 1350 1367 doctrinae
1372 1305 1495 1365 insertis
1518 1304 1658 1366 traditam
1681 1325 1740 1365 nou
1763 1305 1865 1365 minus
1888 1323 1978 1385 quam
2001 1302 2046 1363 illi
2069 1301 2237 1384 amplector
2263 1309 2296 1366 et
2320 1303 2352 1362 iu
2376 1301 2437 1363 hac
2459 1301 2511 1363 Se

496 1402 583 1476 repta
605 1392 794 1472 [Rostochii]
817 1412 983 1473 propagare
1001 1391 1146 1453 studeo.“
2493 1394 2497 1404 '

704 1559 819 1641 Casp.
842 1559 1083 1642 Crucigerus
1107 1563 1135 1622 in
1160 1561 1345 1640 Scriptomm
1367 1559 1491 1640 publice
1513 1560 1735 1639 propositomm
1759 1579 1777 1617 a
1799 1559 2029 1640 professoribus
2046 1560 2076 1619 in
2098 1556 2510 1638 AcademiaWitehergensi

497 1648 595 1712 'l'orno
612 1647 654 1708 V.
676 1649 714 1710 ad
736 1669 764 1708 a.
791 1652 883 1710 1563.
908 1649 985 1709 haec
1003 1648 1111 1710 resen:
1135 1646 1246 1717 „Nunc
1268 1648 1409 1708 eximium
1432 1645 1540 1706 librum
1564 1648 1632 1705 eius
1655 1646 1685 1705 in
1710 1665 1818 1706 manus
1841 1665 2010 1727 sumemus,
2039 1646 2089 1705 cui
2104 1643 2224 1707 titulum
2237 1643 2311 1705 fecit
2328 1643 2407 1705 Loc.
2425 1663 2510 1724 praa·

497 1738 556 1816 cip.
579 1733 674 1795 theol.
698 1736 749 1813 qui
772 1732 850 1794 liber
872 1741 931 1805 est,
954 1740 987 1793 ut
1009 1735 1121 1794 veteris
1140 1732 1290 1811 'l'beologi
1313 1733 1416 1792 verbis
1440 1739 1567 1801 utamur,
1595 1737 1694 1794 θείων
1717 1736 1824 1811 λογίων
1845 1737 2007 1814 φιλοπονία
2027 1735 2080 1792 sal
2106 1728 2196 1793 ad'tr
2217 1728 2319 1802 adroic
2340 1730 2409 1813 φῶς
2432 1727 2510 1813 ec‘pr·

496 1821 641 1900 σκόμενον
660 1817 834 1909 odvo‘dpytp
856 1822 909 1880 rori
930 1818 1108 1897 πνεύματος.
1131 1817 1215 1878 Vere
1229 1827 1328 1878 autem
1354 1820 1382 1876 in
1406 1817 1464 1878 hoc
1487 1816 1767 1896 comprehendisti,
1791 1837 1869 1897 quae
1884 1819 1930 1897 pii
1952 1816 2084 1877 hominis
2106 1815 2241 1876 studium
2264 1817 2292 1875 in
2305 1815 2442 1877 lectione
2463 1834 2509 1877 sa·

498 1927 566 1968 crae
589 1907 757 1984 scripturae
781 1906 874 1965 ductu
893 1904 926 1964 S.
950 1904 1084 1984 Spiritus
1108 1913 1138 1964 et
1161 1906 1274 1963 invenit
1296 1913 1327 1964 et
1345 1904 1478 1963 invenire
1500 1909 1616 1982 potest,
1639 1913 1669 1961 et
1691 1905 1779 1981 quasi
1802 1904 1903 1965 lumen
1928 1902 2079 1981 quoddam
2102 1922 2194 1973 esse,
2224 1901 2307 1981 quod
2328 1901 2368 1963 de
2390 1900 2452 1961 hac
2468 1921 2509 1961 re·

496 1992 623 2071 fulgeat,
646 2011 698 2051 res
720 1991 865 2051 ostendit.
930 1989 997 2049 lloc
1016 1991 1106 2069 igitur
1125 1991 1298 2050 rectissime
1316 1997 1435 2049 utemur
1456 1988 1495 2047 ad
1521 1988 1771 2048 introductionem
1791 1991 1820 2049 in
1842 1988 1938 2048 libros
1956 1985 2102 2068 Prophet.
2126 1992 2158 2047 et
2173 1986 2319 2067 Apostol.
2343 1993 2376 2049 et
2397 2007 2460 2066 quo
2481 1989 2510 2048 in
2569 2038 2575 2047 .

495 2079 667 2159 praecipuis
686 2078 836 2155 capitibus
858 2075 1013 2154 religionis
1031 2082 1153 2134 nostrae
1175 2077 1376 2145 instituamur,
1398 2076 1495 2134 utsii
1517 2081 1618 2146 πίστις
1639 2072 1735 2152 dyada,
1753 2082 1784 2136 et
1807 2073 2010 2154 compleamur
2032 2073 2163 2134 scientia
2183 2079 2365 2134 sanctorum.
2409 2071 2510 2144 Quem

496 2165 575 2224 enirn
599 2182 638 2223 ex
659 2162 814 2221 veteribus
837 2182 873 2221 ac
895 2163 982 2221 novis
1005 2160 1091 2223 libris
1113 2161 1184 2221 huic
1207 2163 1235 2220 in
1259 2161 1318 2221 hoc
1339 2180 1452 2240 genere
1474 2159 1696 2239 praeferamus,
1720 2180 1778 2239 ego
1798 2160 1919 2239 quidem
1943 2177 2003 2220 non
2025 2159 2178 2238 reperio.“

701 2330 811 2392 lilart.
846 2329 1098 2392 Chemnitius
1132 2332 1161 2391 in
1184 2330 1405 2391 intimationum
1435 2329 1727 2409 Wittebergensimn
1757 2328 1845 2390 Tem.
1874 2327 1910 2389 ll.
1935 2328 1988 2389 fol.
2014 2327 2166 2390 100.·hoc
2187 2328 2226 2387 de
2248 2328 2342 2388 Locis
2366 2328 2510 2390 iudicium

495 2417 568 2479 fert:
594 2414 712 2489 „Utilis
731 2424 780 2477 est
801 2415 894 2476 lectio
916 2415 1078 2477 lnocomm.
1123 2414 1190 2477 Nec
1214 2419 1243 2477 in
1266 2418 1360 2476 Locis
1384 2415 1445 2476 alia
1462 2417 1599 2476 doctriua
1620 2422 1679 2486 est,
1698 2435 1788 2496 quam
1812 2434 1891 2495 quae
1913 2415 2020 2476 tradita
2043 2420 2093 2474 est
2116 2414 2145 2475 in
2168 2413 2292 2494 scriptis
2316 2413 2509 2495 Propheticis

496 2511 528 2564 et
550 2502 741 2582 Apostolicis
772 2509 803 2562 et
825 2500 993 2582 Spmhulis.
1058 2501 1245 2562 Monstramur
1267 2503 1308 2563 ibi
1328 2508 1360 2562 et
1378 2502 1534 2561 distinctio
1555 2503 1767 2571 membrorum,
1791 2521 1868 2580 quae
1891 2502 2015 2562 suntin
2038 2499 2124 2561 libris
2147 2497 2357 2580 Propheticis,
2391 2501 2444 2562 ubi
2461 2498 2511 2561 lex

495 2590 647 2657 recitetur,
669 2587 721 2647 ubi
744 2589 964 2666 promissiones
986 2589 1163 2667 propositae
1186 2590 1255 2650 sint.
1302 2594 1346 2647 Ac
1369 2588 1450 2666 quod
1473 2589 1515 2647 sit
1537 2587 1699 2646 discrimen
1721 2588 1934 2667 promissionis
1957 2593 2099 2646 aeternae
2122 2593 2153 2647 et
2174 2586 2396 2666 temporalium.
2437 2583 2510 2647 item

494 2670 655 2753 Evangelii
679 2682 710 2732 et
731 2672 874 2752 politicae
892 2674 1074 2753 sapientiae,
1097 2673 1231 2753 denique
1252 2676 1386 2735 membra
1408 2675 1449 2735 ihi
1473 2674 1562 2752 quasi
1586 2672 1771 2734 evolvuntur.
1803 2670 1876 2733 ldeo
1899 2671 2021 2733 decrevi
2042 2671 2151 2733 librum
2173 2671 2258 2733 illum
2281 2672 2405 2753 publice
2427 2691 2509 2752 prae·

496 2757 634 2839 legere.¹⁶

416 3000 419 3005 Ι
700 2924 803 2987 ldem
825 2928 855 2986 in
879 2925 1043 2999 Oratione,
1072 2949 1161 3008 quam
1184 2928 1307 3009 publice
1335 2929 1471 2989 recitavit
1497 2929 1583 2989 initio
1604 2928 1819 3008 praelectionis
1842 2927 1994 2989 Locomm
2011 2926 2106 2989 theol.
2128 2924 2263 3008 Philippi
2285 2947 2312 2989 a
2340 2931 2434 2990 1554.
2458 2927 2507 2989 die

495 3018 524 3076 4.
546 3012 632 3083 Maii,
656 3012 736 3073 haec
757 3012 847 3075 dixit:
871 3014 988 3084 „Filius
1011 3013 1088 3085 Dei,
1123 3017 1174 3094 qui
1209 3016 1247 3075 ab
1266 3016 1351 3075 initio
1373 3034 1449 3074 suae
1472 3015 1628 3075 doctrinae
1650 3035 1774 3095 semper
1796 3013 1879 3075 dedit
1900 3014 1980 3075 tales
2003 3015 2157 3084 doctores,
2179 3016 2231 3092 qni
2254 3013 2374 3075 erudita
2394 3015 2507 3096 pietate

400 3101 409 3107 '
493 3106 598 3244 partes
622 3098 777 3159 doctrinae
800 3101 829 3159 in
854 3098 977 3160 formam
1000 3101 1181 3180 redigerent,
1205 3101 1288 3162 etin
1312 3109 1423 3161 certam
1447 3099 1571 3160 somnam
1594 3099 1677 3180 stylo
1701 3100 1832 3160 bominis
1853 3102 1983 3181 propriis
2007 3106 2038 3160 et
2061 3100 2234 3180 perspicuis
2266 3100 2372 3160 verbis
2394 3107 2506 3161 conus

516 3190 610 3257 erent,
634 3191 718 3245 utet
739 3185 768 3244 iu
792 3183 848 3244 hac
867 3187 968 3247 muudi
991 3194 1117 3246 senecta
1135 3193 1223 3246 esset
1245 3185 1348 3266 aliqua
1368 3185 1523 3257 Ecclesia,
1547 3185 1720 3266 Spiritus.
1744 3187 1889 3247 excitavit
1906 3185 1944 3246 R.
1966 3185 2006 3246 ll.
2020 3184 2069 3247 Pr.
2083 3183 2258 3265 Philippum
2280 3184 2433 3246 hlelauth.
2456 3186 2505 3265 qui

495 3270 659 3331 doctrinam
683 3290 702 3329 a
720 3268 858 3331 liuthero
881 3273 910 3331 in
934 3272 1025 3331 variis
1046 3271 1136 3333 libris
1159 3279 1312 3333 tractatam
1337 3274 1366 3332 in
1389 3293 1479 3333 uuum
1504 3273 1593 3352 quasi
1616 3279 1854 3333 consentaneum
1873 3292 1985 3352 corpus
2005 3277 2237 3350 coagmentaret.
2290 3269 2362 3331 Nou
2385 3273 2444 3331 iam
2466 3271 2505 3331 di·

493 3374 571 3427 cam,
594 3355 697 3435 quanti
722 3354 780 3416 boc
798 3356 888 3418 fuerit
910 3357 1035 3427 laboris,
1059 3365 1191 3437 quantae
1208 3357 1408 3430 difficultatis,
1443 3365 1575 3438 quantae
1598 3357 1805 3420 dexteritatis:
1839 3378 1939 3438 neque
1962 3357 2021 3419 hoc
2039 3358 2153 3428 dicam,
2188 3376 2277 3436 quam
2300 3357 2504 3418 necessariam

494 3443 535 3502 sit
558 3440 616 3501 hoc
639 3442 794 3520 scriptum,
827 3463 895 3502 cum
929 3444 1052 3522 quidem
1080 3442 1194 3503 multae
1222 3443 1369 3505 historiae
1396 3451 1527 3524 possent
1555 3443 1682 3515 adduci,
1716 3463 1807 3523 quam
1830 3443 1999 3504 dissimiles
2022 3443 2134 3505 fuerint
2155 3441 2306 3502 clamores
2328 3444 2408 3503 iuter
2425 3444 2504 3503 initia

493 3533 563 3589 ante
587 3527 699 3586 editum
723 3529 784 3587 hoc
805 3530 962 3606 scriptum.
1005 3528 1146 3591 Sufficiat
1165 3529 1232 3601 hoc,
1256 3530 1338 3609 quod
1360 3529 1518 3591 liutherus
1541 3531 1714 3591 nominatim
1737 3527 1798 3591 hoc
1819 3532 1965 3610 scriptum
1994 3550 2054 3590 suo
2076 3530 2253 3591 testimonio
2276 3530 2455 3609 approbavit
2475 3535 2504 3588 et

494 3613 564 3673 eius
581 3611 744 3674 lectionem
765 3632 838 3692 prae
861 3613 930 3675 aliis
953 3613 1114 3695 diligenter
1135 3616 1401 3697 commendavit&

700 3779 905 3864 Polycarp.
928 3785 1126 3866 Leyserus
1150 3787 1179 3845 in
1202 3785 1392 3846 dedicatione
1410 3785 1449 3845 ah
1471 3786 1541 3864 ipso
1564 3781 1729 3845 Chemnitii
1746 3785 1839 3845 Locis
1862 3786 2073 3847 communibus
2098 3783 2175 3845 iufra
2195 3785 2503 3865 recensendis‘prae·

493 3867 553 3928 fixa
574 3867 653 3928 haec
674 3868 782 3930 refert:
815 3867 878 3940 „ln
903 3871 982 3931 hunc
1006 3873 1092 3931 linem
1118 3870 1362 3950 incomparabilis
1385 3870 1564 3931 emditionis
1587 3872 1631 3930 vir
1654 3869 1689 3930 P.
1713 3869 1948 3941 Melanchthon,
1982 3872 2033 3952 qui
2056 3872 2157 3931 divina
2175 3867 2373 3932 Providentia
2395 3891 2500 3951 magno

369 3974 372 3981 ·
494 3962 600 4015 nostro
623 3953 759 4014 lmtheru
782 3955 942 4017 adiunctus
961 3956 1068 4029 fuerat,
1087 3958 1155 4038 ipse
1178 3977 1301 4037 quoque
1323 3964 1437 4037 partem
1461 3955 1594 4037 aliquam
1612 3956 1727 4017 laboris
1750 3958 1779 4017 in
1801 3978 1838 4018 se
1861 3959 1984 4036 recepit.
2013 3956 2054 4018 Et
2076 3964 2110 4017 ut
2127 3958 2190 4016 tere
2213 3957 2348 4035 optimus
2372 3955 2430 4019 fuit
2447 3978 2502 4018 me·

491 4040 576 4101 thodi
600 4039 716 4113 artifex,
738 4048 831 4127 atque
848 4063 915 4102 cnm
938 4045 1051 4123 pietate
1073 4043 1269 4124 multiplicem
1293 4063 1389 4104 rerum
1408 4063 1497 4103 usum
1522 4050 1553 4103 et
1570 4044 1784 4122 experientiam
1809 4044 1971 4116 coniunxit,
1994 4043 2037 4102 ita
2060 4063 2079 4103 a
2100 4042 2204 4102 multis
2232 4043 2320 4102 annis
2345 4062 2435 4102 omne
2457 4062 2502 4103 su·

386 4142 389 4148 ·
490 4146 542 4185 um
566 4126 701 4187 studium
723 4125 784 4187 huc
807 4128 943 4197 contulit,
966 4136 1000 4189 ut
1021 4131 1170 4208 praecisis
1193 4129 1361 4200 inutilibus,
1384 4129 1496 4188 otiosis
1525 4135 1556 4188 et
1579 4130 1709 4189 curiosis
1733 4130 1975 4208 quaestionibus,
2001 4129 2167 4189 doctrinam
2190 4128 2230 4188 de
2253 4130 2443 4189 necessariis
2464 4148 2504 4188 ar·

491 4211 598 4272 ticulis
622 4212 794 4272 methodica
816 4217 931 4274 ratione
954 4214 983 4273 in
1002 4222 1103 4274 certos
1122 4214 1209 4274 locos
1228 4215 1428 4282 distribueret,
1452 4213 1587 4292 illosque
1609 4214 1775 4294 explicaret
1792 4214 1876 4287 stvlo
1899 4213 2047 4287 hominis,
2069 4213 2137 4276 he.
2160 4215 2262 4273 verbis
2285 4215 2419 4284 usitatis,
2442 4234 2503 4295 per·

492 4299 610 4376 spicnis
634 4305 666 4358 et
687 4301 817 4358 maxime
840 4301 980 4380 propriis.
1026 4298 1111 4360 lllum
1135 4322 1225 4361 suum
1243 4300 1379 4361 lahorem
1401 4301 1485 4360 initio
1509 4300 1747 4380 hypotyposeon
1770 4302 1891 4361 nomine
1914 4302 2080 4380 insignivit.
2125 4297 2204 4360 Post
2225 4299 2348 4378 aliquos
2369 4320 2444 4360 vero
2456 4320 2504 4360 aa·

491 4402 550 4443 nos
573 4381 643 4443 illas
666 4383 726 4443 sub
749 4385 888 4445 incudem
911 4393 1071 4446 revocatas
1091 4393 1122 4446 et
1144 4394 1250 4446 auctas
1274 4387 1374 4446 denuo
1397 4384 1538 4445 inlucem
1562 4388 1663 4446 emisit
1684 4394 1777 4465 atque
1798 4385 1932 4447 locorum
1946 4387 2146 4448 communium
2170 4385 2288 4447 titulum
2307 4383 2390 4447 fecit.
2415 4384 2503 4466 Opus

489 4475 653 4549 praestans
675 4476 707 4530 et
728 4471 858 4549 insigne,
881 4471 962 4550 quod
986 4492 1044 4531 non
1067 4478 1180 4532 tantum
1204 4474 1349 4532 honomm
1368 4473 1499 4530 omnium
1523 4471 1781 4551 congratulatione
1810 4471 2028 4552 excipiebatur,
2057 4471 2114 4532 sed
2138 4478 2169 4532 et
2190 4491 2208 4530 a
2229 4469 2364 4531 Luthero
2385 4490 2503 4532 summe

491 4555 775 4618 commendabatur:
805 4556 885 4616 unde
907 4559 935 4616 in
959 4557 1084 4618 scholas
1106 4558 1144 4617 ed
1168 4558 1351 4618 erudiendos
1374 4555 1562 4636 Theologiae
1584 4557 1744 4617 studiosos
1767 4566 1922 4638 receptum
1945 4565 2003 4619 est
2045 4556 2123 4618 Nam
2151 4558 2424 4637 persuasissimum
2442 4563 2504 4618 erat

490 4642 620 4710 cunctis,
646 4643 675 4700 in
700 4639 763 4700 illis
787 4640 865 4702 locis
889 4642 1055 4722 aliquoties
1078 4645 1221 4703 correctis
1245 4651 1275 4704 et
1293 4642 1462 4702 emendatis
1484 4643 1608 4704 verbum
1632 4645 1763 4722 positum
1788 4665 1859 4705 esse
1881 4644 2001 4704 omniuo
2020 4643 2145 4717 nullum,
2169 4642 2250 4721 quod
2263 4663 2321 4703 uon
2345 4650 2437 4704 autea
2453 4638 2515 4703 als

492 4727 616 4804 quoties
641 4725 875 4805 diligentissime
891 4727 980 4790 frrerit
1004 4731 1204 4789 examinatum
1228 4729 1315 4790 etad
1331 4729 1468 4789 trutinam
1492 4729 1575 4788 verbi
1598 4728 1691 4789 divini
1712 4731 1908 4791 exactissime
1932 4750 2110 4809 expensum.
2142 4726 2398 4807 Quandoquidem
2424 4730 2502 4789 enim

491 4812 658 4871 adversarii
682 4812 805 4892 singuli,
830 4834 955 4893 quorum
978 4815 1126 4894 plurimos
1148 4813 1304 4876 lauthenrs
1323 4822 1354 4877 et
1376 4812 1539 4895 Phiiippus
1561 4816 1641 4874 circa
1662 4815 1839 4895 principium
1861 4817 2083 4896 repurgationis
2105 4813 2276 4884 habebant,
2310 4815 2340 4874 iu
2373 4816 2502 4893 quasvis

492 4897 693 4958 calumniandi
718 4901 899 4959 occasiones
922 4902 1026 4962 intenti
1046 4909 1139 4972 erarrt,
1162 4909 1193 4962 et
1215 4901 1418 4980 undequaque
1440 4900 1667 4980 conquirebant,
1690 4901 1718 4961 si
1740 4901 1855 4982 aliquid
1877 4901 2037 4973 diceretur,
2056 4902 2085 4960 in
2108 4920 2169 4980 quo
2181 4901 2357 4981 speciosum
2370 4898 2503 4979 aliquem

493 5003 623 5042 errorem
647 4984 809 5046 ostendere
832 4994 975 5065 possent:
998 4989 1119 5047 omnino
1145 4985 1285 5066 Philippo
1305 4986 1497 5065 cogitandum
1521 4986 1577 5047 fuit
1598 4985 1638 5046 de
1661 4986 1714 5048 tali
1737 4988 1888 5048 sermonis
1910 5007 2041 5067 genere,
2073 4986 2156 5065 quod
2177 4984 2326 5066 simplex,
2350 4987 2504 5066 proprium

493 5088 532 5128 ex
554 5070 719 5148 scripturae
742 5068 877 5131 fontibus
899 5079 1040 5145 sumtum,
1063 5081 1094 5134 et
1116 5075 1307 5153 gravissimis
1330 5072 1370 5131 de
1392 5074 1495 5132 causis
1517 5074 1546 5132 in
1568 5071 1655 5133 Eccl.
1678 5080 1849 5153 receptum,
1881 5081 1973 5152 atque
1996 5073 2141 5133 usitatam
2163 5079 2267 5136 essetr
2299 5071 2444 5152 quodque
2461 5090 2505 5131 ar·

491 5153 604 5215 ticulos
626 5156 655 5214 in
677 5154 762 5217 Eccl.
788 5159 981 5219 necessarios
1004 5158 1120 5230 dextre,
1142 5161 1316 5239 perspicue,
1339 5164 1372 5218 et
1387 5159 1438 5237 pic
1460 5157 1636 5238 explicaret,
1666 5167 1698 5221 et
1724 5167 1828 5221 contra
1854 5159 1938 5240 quod
1965 5159 2130 5219 adversarii
2153 5157 2247 5229 nihil,
2280 5157 2364 5237 qaod
2392 5156 2506 5219 saltem

492 5238 721 5302 similitudinem
744 5241 876 5321 aliquam
901 5245 963 5304 veri
987 5243 1125 5316 haberet,
1145 5244 1253 5305 afferre
1270 5249 1433 5325 possent.“

491 5492 579 5557 Μ
697 5408 823 5473 Praeter
849 5412 926 5474 haec
958 5414 1071 5509 indicia
1103 5417 1193 5478 etiam
1225 5417 1284 5478 tria
1316 5414 1418 5496 elogia
1449 5416 1573 5496 poetica
1604 5416 1634 5476 in
1662 5414 1871 5478 Melanthonis
1899 5377 2004 5479 bonos
2027 5414 2201 5477 Strohelius
2229 5412 2346 5496 l.l.p.
2369 5416 2434 5478 219
2456 5433 2507 5495 sq.

533 5514 551 5556 e
588 5517 594 5560 :
