6009 6959
1934 466 2036 521 αι’...

1876 544 1884 553 -
1949 524 2023 577 ις,
2082 582 2084 587 .

1121 773 1232 842 nau.
1253 770 1360 837 amu
1381 769 1571 839 scuram
1591 720 1872 835 mummoli.
1926 720 1951 747 “
2049 802 2052 807 -
2108 842 2111 853 ,
2257 718 2260 723 ’
2444 765 2516 834 rm

742 967 836 1026 Locis
868 972 1030 1028 uastantur
1057 985 1093 1024 ac
1125 962 1325 1045 explicantur3
1359 961 1411 1023 lol.
1445 959 1539 1021 Vuuu
1570 961 1603 1019 4δ
1627 995 1665 1008 -
1685 955 1786 1020 Ccccc
1810 961 1843 1021 5b
1864 957 1959 1020 Index
1988 956 2025 1018 ll.
2061 960 2114 1038 qui
2142 963 2192 1019 est
2213 956 2374 1020 Dictorum
2392 956 2514 1019 Sacrae

743 1049 929 1132 Scriptum,
963 1046 1048 1133 quae
1070 1052 1100 1109 iu
1124 1049 1183 1110 hoc
1210 1068 1302 1130 opere
1325 1045 1514 1125 Theologico
1547 1045 1729 1125 allegantur;
1763 1044 1816 1105 fol.
1836 1041 1936 1106 Ccccc
1960 1047 1993 1106 6·
2015 1040 2318 1108 -th4·1ndex
2334 1045 2457 1106 Rerum
2480 1052 2514 1105 et

743 1134 969 1198 Vocabulorum
992 1134 1229 1197 memorabilium
1248 1135 1459 1216 alphabeticus
1466 1157 1474 1211 3
1497 1131 1553 1194 ult.
1575 1152 1645 1212 pag.
1668 1130 1825 1212 vareo-⁶)

700 1308 768 1368 lloc
792 1327 870 1387 opus
893 1326 1033 1368 recusum
1057 1316 1107 1368 est
1130 1327 1208 1388 quae
1230 1309 1443 1387 Francosurti
1462 1306 1509 1369 acl
1527 1309 1675 1370 Moenum
1699 1307 1777 1366 1661
1800 1300 1867 1364 Fol.

698 1494 851 1554 Numerus
873 1494 1024 1556 Locorum
1058 1496 1096 1555 ab
1125 1496 1290 1556 Huttero
1313 1497 1342 1555 in
1371 1495 1430 1555 hoc
1453 1494 1555 1554 maiori
1586 1514 1678 1573 opere
1696 1491 1955 1573 pertractatorium
1978 1492 2016 1551 ab
2039 1489 2092 1550 iilo
2115 1487 2297 1571 compendii
2319 1487 2432 1552 differt.
2482 1490 2516 1554 lu

496 1581 549 1643 illo
573 1583 652 1640 euim
677 1582 866 1642 contiuentur
888 1581 919 1640 hi
946 1584 987 1642 34
1010 1583 1098 1643 Loci:
1123 1579 1145 1643 I.
1189 1581 1238 1641 De
1256 1583 1412 1661 Scriptura
1430 1581 1525 1640 Sacra
1547 1580 1647 1660 deque
1671 1600 1775 1639 norma
1798 1599 1834 1638 ac
1857 1578 1946 1638 iudce
1973 1579 2244 1640 controversiarum
2266 1575 2515 1639 Ecclesiastico·

493 1687 566 1729 rum.
624 1664 660 1726 II.
689 1664 739 1726 De
773 1665 842 1727 Deo
875 1664 946 1727 Uno
972 1674 1005 1729 et
1037 1666 1137 1730 Trino.
1209 1665 1256 1729 llI
1280 1667 1328 1727 De
1356 1667 1476 1728 duabus
1499 1667 1613 1727 naturis
1637 1666 1861 1745 eamndemque
1884 1665 2087 1746 Ilypostatica
2107 1663 2229 1724 Uuione
2247 1665 2277 1724 in
2295 1685 2357 1725 una
2374 1684 2518 1744 persona

493 1750 609 1813 Christi
642 1752 823 1814 servatoris.
889 1751 944 1813 IV.
974 1751 1023 1813 lle
1057 1751 1228 1815 Creatione.
1293 1754 1334 1814 V.
1357 1753 1407 1813 De
1433 1751 1563 1832 Angelis
1591 1754 1680 1813 bonis
1702 1759 1734 1812 et
1755 1751 1853 1812 malis.
1920 1750 1976 1813 Vl.
1999 1750 2050 1814 De
2073 1749 2206 1828 lmagine
2229 1750 2290 1812 Dei
2312 1753 2341 1811 in
2366 1749 2515 1813 Homine.

492 1836 560 1899 VII
583 1836 633 1900 De
652 1845 774 1901 aeterna
794 1836 855 1899 Dei
877 1840 1073 1919 providentia.
1128 1838 1211 1901 VIII.
1236 1840 1284 1900 De
1303 1847 1428 1920 peccato
1453 1841 1482 1898 in
1506 1859 1617 1917 genere
1640 1845 1672 1898 et
1693 1840 1722 1897 in
1745 1839 1860 1918 specie.
1916 1835 1968 1899 IX.
1991 1834 2040 1896 De
2062 1835 2175 1898 Libero
2198 1837 2339 1899 Arbitrio.
2393 1836 2436 1898 X.
2462 1837 2516 1898 De

492 1922 588 2004 Lege.
632 1922 684 1985 XI.
710 1925 759 1986 De
776 1925 954 2005 Evangelio.
1009 1925 1079 1986 XII.
1103 1927 1151 1987 De
1173 1924 1392 1988 iustificatione
1415 1925 1556 1985 Hominis
1579 1926 1749 2005 peccatoris
1769 1945 1867 1985 coram
1889 1922 1967 1984 Deo.
2011 1919 2091 1985 XIII.
2113 1922 2163 1982 De
2184 1925 2318 1985 Aetema
2338 1923 2516 2004 praedesti·

493 2013 613 2071 natione
636 2015 705 2072 sive
728 2011 889 2096 Electione
911 2012 1054 2073 Filiorum
1077 2012 1135 2072 Dei
1159 2014 1197 2073 ad
1220 2012 1359 2072 salutem.
1424 2009 1510 2071 XIV.
1534 2009 1583 2070 De
1601 2011 1698 2071 Bonis
1722 2012 1874 2090 operibus.
1941 2009 2012 2070 XV.
2036 2008 2084 2069 De
2109 2007 2303 2070 Paenitentia
2324 2017 2356 2070 et
2377 2009 2513 2072 Contes-

493 2099 589 2157 sione.
635 2095 721 2159 XVI.
743 2097 793 2158 De
815 2099 986 2159 Ministerio
1010 2107 1042 2159 et
1063 2098 1178 2159 Ordine
1200 2098 1433 2159 Ecclesiastico.
1487 2094 1584 2159 XVII.
1608 2096 1657 2156 De
1679 2095 1830 2159 Ecclesia.
1883 2093 1997 2157 XVIII.
2021 2093 2070 2155 De
2088 2093 2245 2156 Libertate
2268 2093 2457 2166 Christiana,
2483 2103 2516 2155 et

492 2183 601 2244 ritibus
619 2183 864 2255 Ecclesiasticis,
889 2187 956 2244 sive
973 2184 1167 2264 Adiaphoris
1212 2182 1296 2247 XIX.
1320 2184 1370 2244 De
1393 2184 1599 2244 sacramentis
1623 2184 1652 2242 in
1675 2202 1796 2261 genere.
1841 2182 1911 2244 XX.
1935 2181 1987 2245 De
2005 2182 2176 2262 Baptismo.
2219 2177 2304 2242 XXI.
2327 2181 2378 2243 De
2401 2180 2515 2243 Coeus

355 2324 359 2329 .
406 2304 409 2308 ·
492 2269 623 2330 Domini.
645 2319 647 2322 ,
666 2268 763 2332 ΧΧΙΙ.
782 2271 831 2331 De
850 2270 1012 2332 Sacrificiis
1035 2270 1123 2330 etde
1145 2270 1247 2330 Missa
1268 2269 1436 2333 Pontificia.
1481 2265 1594 2333 XXIII.
1616 2268 1666 2331 De
1684 2268 1845 2330 Scandalo.
1889 2267 2007 2330 XXIV.
2032 2267 2081 2327 De
2104 2264 2203 2328 Cruce
2225 2275 2257 2328 et
2284 2263 2516 2329 Consolationi-

492 2359 563 2418 bus.
607 2354 710 2418 XXV.
733 2357 783 2417 De
805 2355 999 2417 invocatione
1022 2356 1091 2418 Dei.
1157 2355 1276 2418 XXVI.
1300 2356 1349 2417 De
1370 2357 1464 2417 Votis
1485 2354 1668 2416 Mouaaticis
1691 2361 1722 2414 ct
1744 2353 1892 2415 Consiliis
1922 2354 2130 2435 Evangelicis.
2191 2349 2320 2416 XXVII.
2338 2353 2390 2414 De
2413 2353 2515 2433 Magi·

494 2449 591 2503 stratu
615 2450 646 2504 et
667 2444 761 2503 rebus
785 2440 935 2503 civilibus.
980 2441 1123 2504 XXVIII.
1147 2442 1197 2503 De
1218 2444 1409 2505 Matrimonio
1428 2450 1459 2501 et
1473 2439 1628 2521 Coniugio
1651 2441 1860 2504 Sacerdotum.
1903 2439 2019 2505 XXIX.
2043 2439 2092 2502 De
2114 2448 2210 2501 morte
2233 2439 2387 2520 Corporis,
2407 2441 2516 2519 dequo

494 2528 718 2591 immortalitate
751 2530 890 2589 Animae.
956 2526 1057 2591 XXX.
1092 2527 1142 2589 De
1171 2526 1441 2591 Consummatione
1475 2531 1544 2589 sive
1565 2528 1642 2588 Fine
1663 2527 1781 2588 Mundi.
1844 2525 1958 2591 XXXI.
1980 2526 2030 2588 De
2053 2526 2291 2589 Resurrectione
2314 2533 2514 2587 mortuorum.

494 2611 625 2675 XXXII.
659 2612 709 2674 lle
742 2621 877 2675 extremo
910 2613 1035 2685 Iudicio,
1070 2624 1102 2676 et
1133 2616 1265 2691 adventu
1299 2613 1414 2677 Christi
1446 2615 1483 2674 ad
1515 2614 1706 2676 iudicandum
1739 2616 1828 2674 vivos
1863 2621 1894 2675 et
1922 2621 2067 2676 mortuos.
2128 2610 2269 2675 XXXIII.
2305 2611 2353 2674 De
2381 2611 2514 2673 lulerno.
2591 2622 2596 2627 '

495 2699 640 2762 XXXIV.
673 2698 723 2760 De
755 2703 819 2762 vita
851 2709 982 2763 aeterna.
1016 2739 1057 2746 —
1085 2702 1193 2763 'Maius
1226 2724 1297 2762 vero
1320 2701 1471 2762 Locorum
1505 2721 1584 2780 opus
1603 2702 1716 2762 orditur
1738 2721 1757 2760 a
1779 2699 2023 2780 Prolegomenis‚
2052 2702 2082 2761 in
2106 2720 2232 2779 quorum
2256 2696 2365 2781 Capite
2388 2698 2449 2762 IV.
2475 2699 2516 2758 da

496 2785 653 2866 Scriptura
684 2785 717 2846 S.
753 2795 785 2848 et
814 2784 1039 2848 Traditionibus
1073 2791 1177 2867 agitur.
1242 2786 1323 2850 Post
1352 2788 1429 2848 haec
1447 2787 1595 2867 deinceps
1624 2793 1787 2848 tractantur
1816 2787 1846 2848 hi
1883 2790 1921 2848 32
1944 2785 2036 2850 Loci:
2055 2785 2078 2845 I.
2099 2783 2149 2845 De
2171 2785 2240 2847 Deo
2263 2785 2334 2847 Uno
2356 2794 2389 2847 et
2411 2784 2515 2846 Trina

496 2870 533 2933 II.
553 2870 604 2932 lle
627 2872 777 2944 Persona,
802 2875 870 2933 sive
893 2873 1012 2934 duabus
1033 2873 1156 2936 Naturis
1180 2872 1295 2936 Christi
1319 2874 1501 2935 Servatoris.
1546 2871 1595 2934 Ill.
1619 2874 1668 2933 De
1691 2869 1862 2935 Creatione.
1907 2869 1962 2932 IV.
1985 2873 2035 2935 De
2057 2870 2252 2934 Providentia
2272 2872 2342 2934 Dei.
2395 2869 2437 2932 V.
2464 2869 2517 2933 Da

496 2954 602 3020 Causa
622 2958 755 3020 Peccati.
800 2959 855 3019 Vl.
878 2958 928 3020 De
950 2959 1149 3022 Necessitate
1171 2969 1203 3021 et
1225 2959 1448 3041 Contingentia.
1504 2957 1570 3021 Vll.
1593 2958 1643 3020 De
1666 2960 1779 3020 Libero
1801 2960 1941 3021 Arbitrio.
1996 2957 2079 3022 VIII.
2102 2957 2152 3020 De
2174 2956 2305 3038 imagine
2327 2956 2389 3017 Dei
2413 2964 2446 3017 et
2469 2955 2516 3018 lu·

497 3045 578 3105 stitia
603 3043 752 3126 originali
770 3043 864 3106 Primi
887 3044 1036 3107 Hominis.
1102 3045 1154 3108 lX.
1178 3046 1227 3108 De
1250 3045 1383 3108 Peccata
1405 3045 1552 3126 Originis
1618 3045 1658 3108 X.
1682 3045 1730 3106 De
1753 3044 1888 3106 Peccnto
1909 3045 2042 3119 Actuali‚
2077 3052 2109 3106 et
2131 3046 2222 3106 variis
2242 3047 2309 3105 eius
2332 3044 2515 3124 speciebus.

497 3126 822 3212 x1.1)e1.egemi.
866 3129 936 3193 XII.
960 3129 1010 3191 De
1032 3131 1210 3213 Evangelio.
1254 3130 1334 3195 Xlll.
1357 3132 1407 3194 De
1429 3131 1647 3193 iustificatione
1670 3133 1801 3193 hominis
1823 3133 1992 3213 peccatoris
2016 3152 2115 3193 coram
2136 3130 2216 3194 lleo.
2266 3128 2350 3193 XIV.
2374 3129 2426 3191 De
2449 3128 2512 3190 Bo

498 3217 545 3276 nis
565 3214 730 3298 Operibus.
776 3216 847 3278 XV.
870 3218 919 3277 De
941 3217 1125 3280 Discrimina
1147 3219 1272 3281 Veteris
1295 3226 1327 3280 et
1347 3219 1427 3279 Novi
1446 3217 1644 3280 Testamenti.
1689 3217 1777 3282 xvi.
1795 3217 1844 3279 De
1862 3216 2015 3278 Ecclesia.
2065 3216 2159 3280 XVll.
2181 3216 2230 3278 De
2252 3216 2463 3278 sacramentis
2483 3217 2515 3276 iu

496 3322 618 3382 genere.
663 3300 778 3366 XVlll.
803 3300 852 3364 lle
873 3303 1042 3385 Baptismo.
1086 3305 1173 3369 XIX.
1197 3303 1246 3365 lle
1269 3305 1466 3366 Sacramenta
1490 3303 1614 3366 Coenae
1631 3302 1819 3366 Dominicae.
1864 3303 1934 3365 XX.
1956 3301 2005 3366 lle
2027 3305 2202 3365 Sacrificiis.
2253 3302 2335 3366 XXI.
2359 3303 2411 3363 De
2434 3300 2514 3362 Poe·

496 3390 630 3452 nitentia.
697 3388 795 3454 XXII.
829 3388 878 3451 De
911 3396 1035 3451 aeterno
1066 3390 1359 3465 Praedestinatione,
1393 3394 1461 3453 slve
1488 3389 1651 3452 illectione
1684 3391 1811 3452 liliomm
1833 3389 1893 3451 Dei
1916 3390 1956 3451 ad
1979 3390 2129 3453 Salutem.
2190 3389 2305 3451 XXIII.
2329 3389 2380 3449 De
2403 3388 2513 3468 Regno

495 3471 622 3539 Christi.
674 3474 791 3538 XXIV.
814 3475 864 3537 De
882 3476 1121 3540 Resurrectiooo
1138 3485 1320 3542 mortuomm
1342 3476 1456 3540 ultima.
1506 3475 1609 3541 XXV.
1631 3475 1680 3537 De
1703 3476 1859 3538 Libertate
1881 3473 2063 3539 Christiana
2112 3474 2231 3539 XXVI.
2253 3473 2303 3536 De
2325 3474 2513 3556 Adiaphoris

495 3561 563 3622 sive
581 3559 773 3624 Ceremoniis
796 3570 848 3623 aut
870 3562 1094 3626 Traditionibus
1116 3564 1257 3626 humanis
1279 3567 1310 3624 in
1327 3562 1479 3624 Ecclesia
1533 3561 1663 3624 XXVII.
1686 3563 1737 3623 De
1753 3563 1984 3628 Mortificatione
2014 3564 2123 3625 camis.
2178 3560 2321 3626 XXVIII.
2344 3560 2397 3622 llo
2421 3560 2515 3621 Scan·

497 3644 576 3709 dalo.
619 3645 736 3711 XXIX.
759 3646 810 3708 lle
832 3646 948 3728 Spiritu
971 3655 1003 3710 et
1023 3648 1135 3714 Litora.
1180 3651 1282 3715 XXX.
1305 3648 1354 3711 De
1378 3648 1477 3711 Cruco
1498 3656 1530 3710 et
1551 3645 1795 3721 Calamitatibus,
1816 3652 1886 3712 sive
1909 3649 2125 3713 afflictionibus
2149 3648 2297 3711 humanis.
2329 3645 2515 3711 xxxin·

501 3726 594 3794 Cultu
616 3740 647 3794 et
667 3731 860 3795 Invocatione
881 3733 951 3795 Dei.
994 3733 1126 3799 XXXII
1149 3734 1198 3797 De
1219 3735 1400 3816 Magistratu
1419 3733 1508 3798 civili.

603 4093 629 4158 ·)
646 4093 718 4148 {lunc
735 4093 829 4149 ltbrurn
846 4106 983 4160 semrom
1001 4110 1035 4151 er
1052 4098 1169 4153 Bibliotn
1187 4097 1302 4151 reaten.
1320 4097 1422 4151 tenenat
1437 4096 1466 4150 ln
1482 4097 1603 4150 nrmtbua
1622 4096 1715 4149 mbae.

1367 5520 1375 5527 -
1405 5516 1604 5526 00.-.-——---
1622 5518 1641 5526 .-

1376 5576 1633 5658 Brunsvigae‚

1160 5674 1163 5681 Ι
1273 5698 1355 5763 Typia
1375 5712 1525 5763 expressum
1543 5696 1580 5748 it.
1599 5696 1717 5749 Bmhuii.
