6009 6959
493 725 560 791 noa
788 680 791 686 ’
904 724 929 788 1.
951 722 1056 790 noer
1078 674 1562 811 rrruouoorcrrramcn
1584 727 1627 790 a.
1649 694 1789 791 earnm
1811 725 1969 792 nonam
1986 670 2149 799 auras
2324 672 2355 743 ⁷³²
2414 684 2522 795 hor*

438 948 442 955 ·
493 917 579 976 nni.“
625 910 684 973 Pro
708 912 757 972 his
779 913 881 973 verbis
903 911 1056 974 Editionis
1078 914 1224 993 principis
1246 913 1349 975 Editio
1367 916 1523 993 recognita
1545 913 1637 974 habet
1659 915 1773 974 haecce
1796 914 1831 994 (Ι.
1855 914 1876 973 l.
1900 936 1930 994 p.
1958 919 2028 976 118.
2060 922 2130 976 nota
2154 920 2203 978 16.
2226 916 2348 998 allata):
2373 917 2508 991 „Poste-

493 1003 590 1062 riores
614 999 691 1059 duas
713 997 800 1078 leges
824 997 913 1057 facile
936 998 1059 1077 colligat
1080 1001 1265 1078 argumentis
1288 999 1416 1059 humana
1437 1002 1523 1061 ratio.
1564 997 1694 1076 Primam
1716 999 1826 1079 legem,
1846 1000 1998 1080 quomodo
2023 1001 2167 1080 colligere
2189 1005 2299 1082 possit,
2322 1026 2381 1065 non
2403 1007 2504 1078 video,

494 1088 542 1147 sic
576 1091 754 1156 occaecata,
787 1092 859 1163 post
880 1084 969 1144 Adae
996 1084 1127 1164 lapsum.
1173 1084 1325 1146 Videmus
1349 1088 1427 1145 enim
1446 1087 1713 1166 ingeniosissimos
1738 1106 1879 1165 quosque
1903 1089 1931 1146 in
1955 1107 1993 1145 eo
2017 1087 2132 1156 luisse,
2166 1095 2199 1147 ut
2221 1088 2295 1148 nihil
2319 1111 2392 1150 esse
2416 1092 2506 1151 deum

493 1172 652 1233 sentirent.
697 1169 730 1229 ld
765 1170 847 1249 quod
879 1166 930 1231 vel
952 1168 1134 1230 Plutarchus
1167 1171 1197 1230 in
1231 1171 1481 1251 philosophorum
1511 1170 1649 1250 placitis,
1683 1170 1733 1231 vel
1757 1169 1866 1232 Cicero
1891 1171 1929 1232 de
1953 1172 2136 1232 divinatione
2158 1175 2333 1248 testabitur..
2374 1174 2506 1236 Proinde

494 1264 639 1337 quantum
662 1254 808 1333 intelligo,
832 1253 907 1315 nihil
928 1257 1002 1317 certi
1025 1256 1063 1315 de
1086 1257 1144 1318 deo
1168 1264 1302 1317 statuere
1324 1278 1410 1317 mens
1434 1257 1565 1317 humana
1587 1278 1640 1337 per
1662 1278 1737 1317 sese
1761 1264 1873 1337 potest.
1907 1256 1975 1316 Non
1998 1259 2127 1337 percipit
2149 1261 2228 1318 enim
2252 1258 2391 1321 animalis
2414 1260 2506 1323 homo

493 1362 628 1422 eaquae
652 1349 722 1403 sunt
743 1342 866 1420 spiritus
889 1341 948 1400 dei.
993 1338 1085 1403 Certe
1108 1340 1146 1401 de
1167 1344 1303 1422 potentia
1325 1350 1356 1403 et
1377 1343 1532 1403 voluntate
1555 1343 1604 1402 dei
1628 1343 1761 1418 iudicare
1783 1363 1837 1422 per
1859 1363 1935 1402 sese
1958 1345 2031 1403 ratio
2054 1366 2113 1403 non
2137 1351 2249 1423 potest.
2295 1344 2338 1406 Ut
2360 1348 2436 1407 inter
2457 1366 2509 1407 na·

486 1435 579 1504 ¹turae
605 1426 694 1505 leges
722 1426 800 1487 haec
818 1433 1005 1498 numeretur,
1034 1428 1159 1487 aliorum
1183 1435 1250 1488 esto
1273 1429 1426 1488 iudicium.
1471 1429 1550 1487 Nam
1574 1428 1632 1488 tide
1656 1429 1782 1506 intelligi
1807 1432 1988 1489 creationem
2012 1428 2103 1489 llehr.
2127 1427 2181 1488 xl.
2203 1431 2374 1491 scribitur.o
2422 1433 2508 1492 Haec

494 1515 524 1574 in
558 1514 801 1593 interpretatione
829 1511 930 1573 italica
963 1511 1015 1572 sol.
1040 1517 1095 1572 22⁸
1116 1520 1190 1573 extr.
1215 1551 1256 1559 -
1281 1517 1335 1573 111
1357 1516 1404 1573 sic
1436 1513 1581 1574 translata
1613 1521 1698 1574 sunt:
1722 1518 1793 1589 „Le
1814 1517 1878 1578 due
1896 1521 2075 1595 posteriori
2089 1521 2179 1596 lewe
2198 1521 2386 1596 facllmente
2407 1523 2508 1598 coalia

493 1619 554 1664 con
575 1605 759 1679 argumenti
777 1603 811 1662 to
831 1601 973 1662 humana
994 1605 1136 1678 ragione.
1180 1602 1229 1664 La
1252 1606 1361 1678 prtma
1387 1603 1477 1679 lappe
1506 1620 1570 1663 non
1598 1618 1694 1678 repon
1716 1619 1804 1664 come
1819 1603 1854 1663 tn
1872 1606 1986 1679 ponto
2008 1605 2177 1664 intendere
2194 1610 2284 1665 tanto
2305 1608 2324 1665 ὲ
2346 1604 2509 1668 acciecota

493 1686 577 1767 dopo
598 1690 772 1766 ilpeccoto
792 1686 955 1749 dedomo.
971 1686 1092 1764 perche
1113 1690 1275 1763 aepptnmo
1303 1691 1378 1748 tutti
1393 1690 1442 1765 pli
1462 1691 1714 1763 inpentoeteetmt
1735 1705 1845 1749 essere
1866 1691 1946 1748 etott
1965 1693 1998 1748 tn
2021 1696 2139 1766 peceato,
2172 1690 2230 1751 elce
2262 1689 2369 1753 nanno
2390 1695 2509 1754 sentin

493 1777 603 1834 niente
635 1790 746 1834 essere
767 1771 867 1833 Iddto.
900 1775 933 1834 ta
964 1774 1040 1850 qual
1060 1789 1137 1833 coeo
1169 1772 1366 1847 testificleero
1400 1774 1620 1849 dPlntnrctm
1654 1774 1747 1834 nete
1768 1774 2163 1851 appententded'tlosofi‚
2185 1792 2204 1835 o
2225 1772 2379 1836 Cicerone
2400 1778 2456 1837 net
2470 1779 2509 1838 ll-

494 1858 553 1920 dro
575 1858 616 1919 de
632 1860 665 1919 la
681 1858 887 1919 draconteae.
907 1874 991 1936 pero
1024 1865 1140 1935 meanto
1153 1859 1183 1920 to
1205 1857 1336 1918 intendo
1355 1859 1390 1919 ta
1407 1865 1512 1919 rnente
1533 1858 1676 1920 humana
1693 1876 1757 1920 non
1771 1875 1837 1936 pun
1859 1859 1902 1919 da
1922 1876 1960 1919 ee
1980 1864 2117 1920 etntntre
2138 1862 2256 1920 emuna
2276 1877 2353 1921 cora
2374 1866 2464 1921 certa
2474 1861 2512 1923 di

494 1943 565 2006 Dio.
609 1944 795 2023 Imperoclre
815 1944 948 2004 thnomo
969 1945 1108 2004 animale
1129 1960 1194 2004 non
1216 1942 1345 2003 intende
1362 1945 1464 2020 quelle
1484 1961 1559 2005 core
1580 1944 1638 2004 cte
1655 1959 1733 2003 sono
1755 1943 1795 2005 de
1816 1945 1848 2005 to
1864 1949 1980 2021 spirito
2001 1945 2037 2005 dt
2056 1946 2126 2006 lito.
2164 1945 2258 2007 Certo
2279 1945 2324 2005 do
2341 1963 2377 2006 re
2398 1948 2433 2006 ln
2454 1962 2510 2007 rn-

491 2033 589 2107 otone
610 2046 675 2091 non
692 2045 758 2107 pne
776 2029 943 2105 pindr‘cnre
964 2027 1006 2089 de
1026 2030 1060 2090 ta
1076 2032 1230 2107 potenter,
1254 2035 1286 2089 et
1307 2030 1431 2090 nolonte
1448 2029 1485 2090 dt
1506 2030 1576 2103 Dio,
1598 2029 1656 2089 cte
1674 2035 1786 2105 peceato
1807 2034 1858 2089 eto
1879 2036 2051 2090 numento
2075 2037 2128 2090 tro
2144 2032 2175 2092 te
2195 2032 2280 2107 tepet
2296 2029 2338 2091 de
2358 2032 2392 2092 ln
2413 2037 2507 2092 outn-

494 2131 546 2191 ra,
567 2119 620 2177 eta
638 2116 663 2176 tt
674 2114 816 2191 placitato
832 2114 873 2175 de
891 2115 940 2190 pn·
960 2115 1044 2174 altri.
1089 2114 1275 2192 Imperocne
1295 2117 1328 2174 et
1347 2119 1456 2175 ecrtree
1477 2115 1703 2175 ntundecnno
1723 2130 1805 2191 copo
1826 2115 1847 2173 ἁ
1865 2116 1913 2190 pli
1934 2115 2081 2175 Hebret.“
2112 2148 2154 2158 —
2195 2111 2256 2184 Qui
2279 2111 2401 2190 longius
2432 2115 2508 2193 petit

496 2197 678 2277 exemplum,
702 2199 731 2256 in
752 2198 821 2256 loco
845 2200 895 2261 De
916 2198 1056 2260 hominis
1073 2200 1195 2260 nribus
1216 2200 1358 2277 adeonae
1375 2199 1416 2259 dc
1436 2200 1537 2261 libero
1559 2199 1696 2260 arbitrio
1714 2198 1855 2265 inveniet,
1880 2197 1908 2254 io
1933 2217 1993 2275 quo
2016 2197 2092 2256 hacc
2105 2198 2309 2276 interpretatio
2323 2197 2375 2257 iol·
2401 2203 2434 2257 4·
2455 2198 2508 2264 lin.

498 2287 548 2344 13.
573 2320 614 2329 -
637 2281 690 2341 sol.
716 2283 749 2343 8b
771 2282 822 2342 lin.
850 2286 898 2341 14.
923 2282 1023 2341 verbis
1048 2278 1145 2342 „Coei
1169 2282 1197 2340 io
1220 2302 1318 2361 penso
1343 2281 1400 2341 che
1423 2280 1452 2340 le
1475 2283 1551 2360 parti
1576 2283 1613 2341 de
1635 2282 1769 2341 l'huomo
1792 2283 1820 2340 si
1843 2301 1977 2360 possano
2002 2282 2188 2361 distinguere
2211 2284 2419 2362 pienamentez
2465 2318 2508 2329 -

496 2367 551 2436 del¹
569 2370 674 2428 merito
697 2366 747 2428 del
770 2387 902 2446 congruo
925 2368 964 2427 de
986 2366 1100 2445 lequali
1123 2387 1198 2426 cose
1221 2367 1250 2425 di
1274 2373 1355 2427 sotto
1378 2365 1407 2426 al
1430 2387 1486 2426 suo
1510 2366 1624 2445 luogho
1648 2367 1782 2428 diremoo
1808 2366 1860 2427 illa
1883 2368 1975 2426 verba
1996 2367 2148 2428 Editionis
2171 2370 2345 2452 recognitae
2367 2365 2507 2438 reddidit,

495 2456 626 2534 quaein
648 2452 721 2513 Vol.
744 2451 830 2514 XXL
853 2471 884 2532 p.
909 2457 1045 2515 93-96.
1068 2459 1140 2512 uota
1163 2455 1213 2515 23.
1235 2451 1385 2532 leguntur.

700 2639 785 2701 Haec
818 2642 1023 2722 interpretatio
1057 2646 1175 2720 praeter
1197 2639 1350 2700 Stibemm
1374 2641 1402 2698 in
1426 2639 1554 2699 historia
1576 2637 1670 2698 theol.
1693 2639 1795 2717 dogm.
1823 2643 1894 2700 156.
1917 2638 2059 2718 aliosque
2081 2659 2174 2719 supra
2196 2639 2347 2710 laudatos,
2370 2658 2510 2699 recense·

494 2735 543 2789 tur
561 2746 684 2807 quoque
706 2726 735 2788 in
754 2727 849 2787 hocce
871 2728 962 2790 libro:
986 2729 1134 2805 (destinae
1153 2734 1198 2790 bet
1215 2727 1385 2803 dnttlmrttte
1407 2734 1462 2788 uno
1482 2728 1699 2803 untetbrtffung
1717 2728 1764 2787 bet
1782 2726 1976 2797 ffletormatton
1996 2731 2024 2787 tn
2042 2728 2145 2794 &tollen
2165 2729 2201 2786 tm
2224 2729 2276 2785 16..
2290 2727 2509 2803 Sahrbanbertn

495 2815 568 2891 nebit
591 2817 676 2877 tinem
693 2814 798 2892 itbttffe
820 2815 865 2877 bet
884 2815 1031 2892 &elatine
1052 2819 1097 2876 bn
1116 2813 1309 2886 &alernatim
1328 2816 1357 2874 in
1377 2812 1578 2874 &tentionem
1615 2813 1679 2874 ttae
1698 2816 1757 2874 hena
1776 2813 1932 2889 OEngttfthen
1951 2820 1998 2874 bet
2018 2813 2171 2888 thomae
2190 2811 2340 2874 mern.
2384 2815 2511 2882 hereat*

497 2901 619 2979 gegeben,
639 2903 689 2962 mtt
708 2904 781 2964 einer
799 2899 922 2962 ffiotrehe
940 2902 995 2961 aab
1014 2900 1221 2977 ‘iinmertungen
1240 2900 1361 2976 begteitet
1380 2911 1433 2960 ton
1453 2900 1491 2960 a.
1517 2897 1716 2969 heleberto).
1737 2899 1872 2978 (tetpgtg,
1895 2899 1987 2958 1819.
2008 2900 2052 2973 8.)
2070 2917 2100 2976 p.
2126 2899 2165 2956 36
2189 2916 2249 2975 sq„
2268 2898 2320 2957 ubi
2343 2895 2510 2955 adnomen

495 2983 575 3046 tituli
599 2985 691 3045 italici
716 3029 736 3056 ‚‚
755 3005 820 3062 por
841 2984 960 3044 Messer
980 2982 1117 3062 Ippofilo
1140 2983 1184 3042 do
1209 2981 1460 3061 TerraNeprm‘·
1484 2981 1561 3041 haee
1580 2984 1731 3042 annotatio
1755 2989 1813 3043 est
1827 2982 1997 3061 adscripta:
2022 2984 2209 3063 (immergere,
2229 2987 2339 3058 matthee
2358 2985 2410 3056 lein
2431 2979 2510 3059 [Me-

495 3069 664 3149 lanthonis]
686 3074 872 3150 ariprtngtim
891 3075 1021 3144 beuticter
1040 3073 1128 3133 ttrme
1150 3088 1219 3133 not.
1265 3073 1336 3132 dien
1356 3071 1460 3145 gloubt,
1479 3070 1532 3143 hah
1551 3072 1597 3129 ter
1616 3071 1775 3144 ttetientsrte
1788 3071 1946 3147 ttrtetteeet
1965 3073 2011 3130 ber
2033 3067 2109 3128 Loci
2133 3087 2281 3128 commun.
2304 3065 2439 3145 theolog.
2463 3072 2509 3128 het

495 3159 634 3237 heribrati
651 3160 768 3221 tititifet
790 3159 922 3221 tutariet
942 3157 1105 3231 deficiente
1124 3174 1183 3220 mot
1226 3153 1410 3233 (Fontanini
1434 3152 1527 3214 Della
1548 3152 1726 3233 Eloquenza
1747 3149 1882 3225 ltaliana,
1901 3173 1930 3233 p.
1955 3156 2182 3229 490-509.).“

1482 3541 1517 3602 ll.

703 3740 1051 3810 lNTERPRETATIO
1079 3738 1298 3825 LOCORUM
1330 3737 1721 3808 THEOLOGlCORUM
1756 3735 2072 3806 MELANTHONIS
2101 3734 2300 3822 GALLICA.

702 4007 770 4067 Hos
792 4006 896 4066 Locos
919 4003 1112 4083 theologicos
1134 4002 1341 4065 Melanthonis
1361 4005 1450 4063 eham
1473 4005 1503 4061 in
1527 4001 1674 4083 gallicam
1695 4002 1827 4081 linguam
1850 4021 1925 4061 esse
1947 4001 2114 4061 translatos
2137 4000 2365 4062 Strobelius
2387 4002 2408 4061 l.
2431 4001 2452 4060 l.
2474 4021 2506 4082 p.

500 4101 557 4158 191
583 4115 631 4173 sq.
654 4093 742 4152 valde
764 4092 921 4152 addubitat
942 4111 1008 4151 eam
1027 4093 1066 4151 ob
1089 4109 1224 4160 oausam,
1247 4088 1329 4168 quod
1349 4109 1451 4167 neque
1473 4089 1539 4166 ipse
1552 4108 1618 4147 eam
1630 4107 1761 4165 unquam
1773 4087 1890 4156 viderit,
1904 4106 2003 4164 neque
2016 4087 2043 4144 in
2057 4084 2120 4147 ullo
2132 4084 2272 4146 libromm
2285 4087 2394 4157 indice,
2406 4107 2507 4166 neque

498 4183 528 4242 in
547 4179 611 4241 ulla
632 4179 737 4239 horum
756 4178 908 4238 Locorum
930 4178 1134 4257 descriptione
1157 4174 1285 4255 gallicae
1304 4174 1557 4253 interpretationis
1576 4175 1757 4233 mentionem
1777 4173 1937 4241 invenerit,
1961 4191 2142 4250 quamquam
2166 4173 2233 4250 ipse
2256 4172 2334 4231 duos
2357 4173 2443 4232 allert
2465 4174 2506 4232 vi-

497 4287 559 4337 ros,
584 4267 635 4346 qui
658 4284 724 4325 eam
745 4263 912 4324 laudamnt.
957 4263 1048 4341 Hugo
1071 4258 1195 4321 Grotius
1217 4262 1344 4321 enimin
1368 4261 1501 4320 oratione
1525 4261 1554 4319 in
1573 4258 1689 4317 Senatu
1706 4256 1997 4318 Amstelredamensi
2010 4255 2062 4317 [Χ.
2075 4254 2142 4317 Cal.
2155 4257 2229 4316 Maii
2251 4260 2342 4317 1616.
2360 4258 2506 4337 haniw)

498 4353 584 4416 dicit:
609 4350 704 4410 „Loci
723 4368 897 4409 communes
918 4347 1164 4409 Melanchthonis
1182 4368 1240 4407 non
1264 4346 1374 4406 Latine
1396 4352 1522 4423 tantum,
1544 4344 1602 4404 sed
1625 4342 1743 4403 Gallice
1762 4364 1884 4423 quoque
1906 4350 1980 4403 sunt
1997 4343 2089 4415 editi,
2113 4364 2181 4403 cum
2202 4340 2355 4403 luculenta
2373 4342 2412 4402 l).
2437 4341 2505 4403 Cal·

498 4438 559 4497 vini
594 4437 883 4497 commendationem
928 4433 1003 4496 ltem
1027 4433 1091 4495 leh.
1112 4431 1288 4512 Christoph.
1318 4431 1506 4492 Wendlerus
1539 4431 1568 4490 in
1602 4429 1818 4491 dissertatione
1853 4429 1890 4489 de
1923 4431 2149 4508 praecipuomm
2174 4429 2360 4507 quorundam
2380 4428 2504 4489 Saeculi

497 4521 584 4586 XVL
607 4530 638 4582 et
659 4519 759 4583 XVII.
783 4519 1008 4599 Theologorum
1020 4519 1259 4581 Lutheranorum
1282 4518 1461 4589 eruditione,
1485 4519 1514 4576 in
1539 4514 1701 4577 ecclesiam
1720 4516 1835 4576 meritis
1859 4521 1888 4575 et
1905 4516 2028 4594 scriptis
2051 4512 2186 4593 (subl).
2209 4510 2385 4593 christoph.
2408 4515 2503 4574 Sann-

498 4611 571 4688 tagii
595 4608 761 4687 praesidio)
779 4606 843 4667 Alt.
870 4611 961 4668 1710.
985 4609 1015 4665 4.
1038 4627 1068 4686 p.
1093 4610 1142 4667 85.
1166 4606 1206 4664 de
1217 4603 1311 4663 Locis
1333 4603 1437 4667 refert:
1463 4602 1601 4663 „Gallice
1624 4622 1756 4681 quoque,
1780 4607 1941 4661 annotante
1963 4600 2073 4661 alicubi
2097 4596 2412 4670 doctissimoCrenio,
2435 4619 2504 4659 cum

499 4693 758 4755 commendatione
781 4691 898 4753 Calvini
920 4693 1123 4771 prodiemnt.«
1165 4691 1205 4752 Et
1226 4689 1323 4750 hosce
1347 4690 1425 4749 duos
1446 4690 1529 4749 viros
1551 4707 1621 4748 vera
1644 4686 1789 4749 retulisse
1811 4706 1850 4747 ex
1871 4686 2130 4765 subsequentibus
2154 4684 2295 4747 elucebit.
2318 4683 2401 4746 Vere
2424 4686 2507 4747 enirn

499 4781 575 4841 haec
598 4780 801 4859 interpretatio
825 4777 964 4839 conlecta
985 4784 1044 4848 est,
1064 4797 1162 4856 eaque
1180 4777 1229 4836 his
1252 4776 1371 4855 prodiit.

703 4965 804 5036 Prima
825 4964 916 5027 huius
937 4964 1088 5026 Locorum
1109 4963 1183 5026 Mel.
1203 4963 1459 5043 interpretationis
1481 4960 1608 5041 gallicae
1625 4918 1729 5021 Editio
1751 4962 1799 5020 sic
1820 4961 1963 5040 inscripta
1984 4967 2049 5023 est:

569 5256 595 5322 ⁸)
631 5260 693 5312 vtde
711 5261 775 5323 llus.
795 5259 872 5313 Grottt
889 5268 994 5322 opernm
1012 5255 1222 5319 Theotorleomm
1239 5255 1307 5307 Tem.
1327 5254 1366 5307 111.
1385 5253 1492 5307 nmsrel.
1513 5254 1587 5306 reto.
1607 5252 1659 5305 iol.
1677 5264 1702 5314 p.
1725 5253 1780 5305 18⁰.
