6009 6959
492 757 560 827 ose
685 676 698 707 ¹
797 738 825 773 ‘
854 756 879 822 1.
902 753 1008 831 nom
1026 708 1298 877 oeconomos
1319 755 1531 825 ommes:
1554 756 1593 826 o.
1611 755 1773 825 reama
1793 754 1954 872 soson
1971 757 2131 828 sensa

939 938 943 946 ⁴
977 943 1055 999 Lora
1113 943 1161 998 'au
1217 941 1310 1013 osond
1326 944 1378 998 des
1394 944 1529 998 tenebra
1544 960 1621 998 nous
1637 961 1774 1008 commu.

908 1012 1000 1076 Nous,
1019 961 1111 1082 ‹ty-ig
1128 1013 1164 1067 lu
1177 1030 1220 1076 os,
1235 1028 1348 1082 pouree
1365 1019 1394 1066 et
1414 1010 1524 1082 cbcttss
1540 1011 1690 1067 hommes.-

908 1079 986 1134 Lors
1004 1097 1060 1151 quc
1079 1081 1192 1136 conset!
1207 1097 1282 1134 nous
1298 1077 1402 1149 desunt
1420 1088 1449 1134 et
1466 1084 1543 1145 arde,

908 1149 951 1211 Et
967 1165 1023 1219 que
1041 1148 1171 1219 d'esmoy
1187 1165 1243 1203 soz
1262 1163 1368 1203 coeurs
1385 1156 1452 1203 sont
1469 1153 1651 1204 tonsurato:

832 1248 840 1259 -
908 1218 932 1270 A
951 1223 1011 1287 toy,
1030 1216 1185 1289 δόμων,
1203 1216 1234 1270 Iri
1252 1235 1302 1271 eus
1319 1224 1384 1272 tout
1400 1219 1501 1273 drotct
1519 1225 1552 1274 e's
1569 1221 1658 1272 aeos
1686 1250 1716 1313 ι

907 1284 955 1340 De
972 1302 1027 1344 nos
1045 1289 1155 1354 csprtts
1170 1302 1248 1340 nous
1263 1286 1398 1340 esleuonr
1414 1286 1457 1340 les
1473 1302 1553 1356 μου

908 1352 950 1408 Et
967 1353 987 1406 ὰ
1004 1360 1055 1423 toy
1073 1353 1137 1406 seul
1153 1371 1250 1424 upana
1266 1361 1368 1408 nostre
1385 1369 1518 1419 recoun,

907 1420 975 1474 Pur
991 1425 1059 1476 uiue
1073 1418 1127 1491 foy
1145 1439 1221 1475 nous
1238 1423 1398 1477 attendonr
1414 1437 1544 1478 recours.

909 1488 936 1542 0
952 1487 1099 1564 Βάρκην
1116 1490 1195 1544 donc
1213 1496 1242 1543 et
1259 1490 1339 1544 Pers
1355 1492 1553 1554 transmaro,

909 1557 1033 1628 Gondup
1050 1558 1087 1612 de
1103 1575 1180 1611 nous
1197 1565 1226 1612 et
1243 1557 1397 1632 l‘ouuroqe
1416 1566 1444 1614 et
1461 1560 1494 1613 Ia
1511 1563 1606 1623 moin,

793 1635 798 1641 '
905 1624 972 1679 Por
990 1633 1042 1680 ton
1061 1626 1183 1688 conecti,
1203 1627 1287 1695 rifin
1301 1643 1357 1696 quc
1376 1636 1444 1682 tour
1461 1645 1517 1683 nos
1533 1625 1632 1697 fatcts

848 1704 858 1726 ·
907 1693 1020 1764 Soyent
1036 1694 1242 1749 dcaornsaiemi
1260 1702 1293 1748 ta
1309 1696 1408 1768 ploirc
1422 1695 1590 1766 pursaicts.

499 1955 561 2014 660
613 1953 621 1971 .
701 1864 794 2013 alittep
826 1863 1580 1946 rocus(v01.xx1.p.oso.nn.13--nn.)
1614 1863 1724 1928 rnna
1758 1833 2507 1946 1.g·11.mueunmeui0nnugu1.p.
2573 1934 2575 1937 ,

564 1971 640 2018 .src
663 1971 752 2033 expe
787 1973 816 2014 r:

703 2085 902 2151 finiemus,
921 2087 953 2140 lc
973 2085 1061 2140 chose
1078 2092 1212 2139 munstre
1230 2102 1287 2155 que
1304 2085 1334 2140 tu
1355 2085 1562 2156 complutocte
1579 2103 1636 2157 pue
1651 2083 1712 2155 fatt
1732 2085 1836 2150 outae
1855 2093 1899 2141 ert
1919 2085 1988 2142 tten
2004 2095 2106 2157 crepe,

979 2153 1023 2207 Or
1040 2170 1241 2223 copone-nour
1257 2160 1354 2208 tontes
1373 2154 1478 2208 choses
1495 2162 1628 2223 tourner,

907 2222 950 2278 Et
966 2225 1159 2276 mntntcnant
1175 2239 1213 2275 on
1227 2223 1337 2291 peaple
1355 2222 1492 2277 dominer

790 2348 794 2363 ,
911 2291 971 2357 Qut
987 2289 1106 2344 n'cstott
1124 2294 1208 2343 nen:
1227 2297 1256 2344 et
1274 2291 1360 2360 celuy
1379 2294 1431 2360 qui
1443 2295 1610 2361 putaram

909 2361 999 2413 Auott
1017 2375 1053 2413 cn
1071 2365 1144 2479 tmoli,
1162 2358 1213 2428 luy
1228 2356 1312 2428 fatre
1330 2358 1514 2414 obeissance.

1133 2433 1202 2489 tem,

912 2494 987 2548 Tout
1005 2512 1046 2548 au
1059 2494 1131 2564 plus
1146 2508 1241 2567 qous
1258 2495 1295 2549 de
1313 2509 1348 2549 ce
1366 2494 1421 2549 tus
1437 2496 1545 2550 monde
1564 2510 1601 2566 cy

866 2564 869 2569 '
909 2562 992 2618 Nost
1004 2580 1065 2633 pus
1082 2563 1184 2618 ᾱοπηό
1197 2561 1304 2617 d'ertrc
1321 2564 1391 2637 lonp
1408 2570 1505 2634 temps
1522 2567 1612 2618 ainsi.

705 2698 844 2778 Denique
867 2700 1018 2782 exemplis
1041 2701 1307 2763 demonstrandum
1326 2709 1386 2773 est,
1410 2701 1559 2782 quaedam
1577 2722 1616 2763 ex
1637 2700 1695 2764 Ed.
1721 2708 1748 2763 1.
1770 2699 1840 2782 gali
1864 2702 1893 2761 iu
1916 2699 2002 2762 haue.
2021 2697 2080 2759 Ed.
2097 2700 2126 2758 7.
2150 2718 2227 2763 esse
2249 2699 2404 2771 translata,
2427 2718 2505 2778 qnae

498 2786 549 2848 vel
572 2787 611 2847 ab
633 2785 727 2848 Editt.
755 2791 780 2863 1.
805 2789 833 2846 3.
857 2786 1150 2866 (ceterisque)lat‚
1173 2787 1284 2849 veleb
1307 2786 1525 2850 Eunonm.
1549 2788 1602 2849 lat.
1629 2790 1749 2850 absunt.
1793 2785 1974 2866 Exemplum
2003 2785 2113 2864 prioris
2140 2786 2261 2865 generis
2290 2793 2340 2846 est
2367 2783 2506 2845 Luarau

504 2871 593 2934 Valle
621 2871 691 2949 (Ed.
717 2878 743 2931 l.
767 2869 908 2932 Laurens
932 2871 1050 2950 Valle),
1074 2875 1232 2954 aquibus
1262 2875 1434 2934 nominibus
1462 2873 1553 2934 locus
1582 2893 1674 2954 supra
1695 2893 1725 2954 p.
1744 2871 1940 2934 &nullatus
1963 2871 2092 2945 orditur3
2114 2887 2297 2949 praenomen
2319 2869 2507 2930 Laurentius

500 2959 629 3020 enimin
650 2965 779 3036 utreque
801 2954 859 3017 Ed.
883 2957 956 3037 gali.
979 2958 1142 3039 praefixum
1165 2961 1203 3020 ab
1227 2960 1367 3020 omnibus
1389 2957 1483 3020 Editt.
1507 2959 1609 3020 latinis
1632 2960 1732 3030 abest,
1751 2977 1881 3038 eamque
1904 2958 1944 3018 ob
1963 2976 2086 3018 causam
2109 2958 2229 3023 uouuisi
2252 2976 2291 3016 ex
2308 2955 2368 3016 Ed.
2383 2963 2409 3017 1.
2433 2954 2505 3035 gali.

497 3051 651 3123 receptum
674 3050 733 3104 est
777 3040 963 3104 Posterioris
981 3045 1103 3123 generis
1121 3044 1291 3125 exemplum
1314 3051 1365 3105 est
1388 3052 1494 3123 quarta
1515 3047 1741 3115 annotationum
1762 3043 1969 3122 marginalium
1991 3042 2093 3103 verbis
2117 3063 2156 3101 ex
2177 3041 2263 3102 Loco
2285 3041 2441 3104 delibero
2459 3061 2507 3100 or·

499 3129 596 3192 tinio
613 3148 706 3209 supra
728 3148 758 3209 p.
773 3132 835 3190 685
847 3148 915 3208 sqq.
936 3127 1038 3191 allatis
1061 3131 1289 3210 adscripturum.
1335 3129 1407 3190 Tria
1428 3131 1508 3191 euim
1529 3132 1644 3211 priora:
1667 3130 1722 3202 „11
1731 3131 1805 3207 suut
1822 3131 1979 3207 consessor
1996 3127 2124 3209 quelques
2138 3135 2343 3189 cumremcnt.“
2363 3163 2405 3173 -
2425 3124 2508 3198 „Les

497 3217 620 3296 parties
637 3214 678 3275 de
695 3212 863 3276 stamme
886 3220 928 3260 -ὲ
947 3216 1082 3286 „inm
1105 3215 1262 3277 arbitre.“
1285 3216 1472 3296 respondent
1495 3216 1583 3277 hisce
1613 3216 1710 3277 tribus
1735 3216 1856 3287 latinis,
1887 3235 1967 3296 quae
1990 3216 2020 3274 in
2047 3213 2191 3275 Editt.7.
2214 3216 2261 3275 17.
2290 3212 2399 3273 iisdem
2428 3211 2507 3272 locis
2548 3225 2550 3229 '
2642 3197 2645 3200 ⁴

499 3300 638 3362 adiectae
664 3306 750 3361 sunt:
778 3299 1022 3380 „Continpentiu
1040 3299 1146 3382 oiiqssu
1163 3300 1372 3362 concedendo.
1383 3314 1402 3342 “
1422 3338 1463 3350 ·-
1482 3346 1501 3374 „
1512 3301 1654 3362 Honrinis
1673 3309 1822 3380 partes.“
1841 3337 1882 3349 -
1900 3300 2066 3373 „liberum
2084 3299 2279 3360 arbitrium.“
2303 3297 2419 3376 Quarta
2435 3318 2507 3360 vero

472 3438 474 3443 ⁴
499 3388 656 3448 annotatio
672 3405 779 3466 marg.:
804 3385 983 3456 „Cononent
1004 3394 1050 3446 ert
1068 3386 1101 3448 lo
1117 3384 1244 3448 nolonte'
1259 3387 1299 3447 de
1316 3387 1454 3448 Phoimne
1466 3387 1621 3465 [ronow
1644 3389 1673 3448 in
1691 3386 1786 3449 Editt.
1808 3386 1904 3448 lati.
1924 3395 1956 3447 et
1976 3389 2024 3451 17.
2036 3406 2094 3446 non
2108 3386 2266 3459 invenitur,
2288 3385 2346 3453 sed
2361 3405 2399 3445 ex
2411 3382 2470 3445 Ed.
2480 3389 2506 3444 l.
2596 3442 2601 3448 ,

500 3471 573 3551 gall.
595 3479 645 3534 est
666 3479 798 3553 recepta,
822 3491 902 3551 quae
924 3473 993 3554 ipsa
1010 3492 1077 3534 eam
1099 3494 1138 3534 ex
1158 3471 1215 3534 Ed.
1234 3472 1285 3535 lat.
1310 3479 1339 3535 3.
1363 3475 1503 3554 suscepit
1526 3473 1609 3553 (vide
1633 3492 1712 3553 quae
1735 3493 1828 3554 supra
1848 3493 1877 3553 p.
1891 3477 1951 3534 673
1964 3492 2010 3551 sq.
2028 3492 2072 3531 ur.
2092 3476 2121 3531 3.
2145 3471 2184 3532 de
2206 3471 2263 3533 hac
2292 3491 2326 3530 re
2353 3470 2506 3546 (linimus).

704 3632 826 3713 Restat,
849 3651 882 3703 ut
893 3642 1037 3704 nonnulla
1047 3643 1086 3704 de
1098 3647 1255 3723 utriusque
1266 3642 1419 3706 Editionis
1437 3643 1566 3724 gallicae
1586 3641 1690 3705 lodice
1700 3643 1852 3705 Locorum
1865 3662 1999 3724 suprop.
2014 3646 2075 3705 669
2090 3662 2159 3721 sqq.
2173 3644 2328 3722 proposito
2347 3640 2505 3701 admonea-

499 3749 579 3790 mus.
623 3727 702 3787 Nam
725 3748 763 3788 ex
786 3730 835 3798 iis,
860 3749 939 3806 quae
962 3728 1023 3789 illic
1045 3731 1121 3789 iutra
1143 3732 1270 3789 uncinos
1292 3731 1523 3810 adscripsimus,
1547 3729 1658 3800 elucet,
1677 3727 1810 3791 indicem
1832 3728 1985 3791 Editionis
2004 3732 2033 3789 2.
2058 3731 2096 3789 ab
2119 3727 2221 3788 indice
2241 3726 2300 3790 Ed.
2317 3734 2345 3788 1.
2363 3748 2421 3787 non
2444 3734 2508 3788 tan·

500 3821 564 3876 tum
586 3815 706 3894 paginis
725 3819 756 3872 et
779 3814 962 3893 quarundam
986 3834 1091 3873 vocum
1113 3816 1289 3892 scriptione,
1313 3816 1372 3875 sed
1394 3818 1483 3876 etiam
1506 3815 1688 3893 quibusdam
1707 3817 1868 3895 capitibus,
1892 3836 1971 3894 quae
1994 3816 2023 3875 in
2047 3813 2173 3874 alterius
2198 3812 2256 3874 Ed.
2279 3810 2382 3874 lodice
2404 3812 2507 3892 legun·

500 3906 558 3969 tur,
579 3900 611 3957 in
635 3897 759 3957 alterius
772 3909 853 3957 'vero
877 3895 940 3961 ind.
960 3898 1076 3957 omissa
1098 3905 1177 3966 sunt,
1202 3895 1331 3957 differre.
1375 3900 1476 3960 Huius
1499 3899 1686 3960 diversitatis
1709 3899 1791 3959 viria
1815 3906 1865 3959 est
1888 3902 1974 3960 ratio.
2018 3899 2082 3957 Aut
2111 3900 2190 3957 enim
2213 3901 2312 3977 capita
2334 3904 2448 3958 tautum
2477 3899 2507 3957 in

500 3982 604 4045 lodice
623 3984 752 4053 desunt,
775 3982 804 4042 in
827 3984 895 4063 ipso
921 3990 1020 4043 autem
1043 3982 1119 4042 libro
1142 3983 1346 4059 inveniuntur;
1374 3991 1426 4044 aut
1455 4003 1527 4043 vero
1549 3986 1640 4044 etiam
1662 3985 1700 4044 ab
1722 3983 1798 4044 libro
1822 3986 1890 4062 ipso
1912 3985 2042 4054 absunt,
2071 3985 2210 4060 quoniam
2237 3982 2297 4044 Ed.
2322 3986 2350 4042 7.
2374 3981 2445 4061 gall.
2468 4003 2507 4042 ex

442 4131 443 4134 ,
500 4068 562 4131 alia
582 4067 641 4128 Eu.
663 4068 756 4128 latina
777 4066 917 4130 coniecta
937 4075 997 4139 est,
1019 4088 1056 4127 ac
1077 4067 1135 4129 Ed.
1158 4075 1184 4130 1.
1208 4067 1280 4146 gall.
1300 4069 1446 4128 Prioris
1469 4070 1591 4148 generis
1613 4075 1685 4132 suut
1704 4068 1816 4130 haecce
1834 4070 1946 4148 capita:
1972 4067 2108 4126 Oroison
2134 4088 2175 4127 ou
2191 4065 2281 4128 Pero.
2302 4103 2342 4115 --
2369 4067 2506 4128 Oroison

501 4175 544 4214 ou
560 4153 637 4214 Filz.
656 4190 698 4198 —
723 4152 859 4213 Oroison
884 4175 925 4214 ou
949 4152 1212 4234 SoinctEsprit.,
1231 4155 1357 4233 quaein
1380 4166 1507 4233 utraque
1529 4152 1588 4213 Ed.
1613 4154 1685 4232 (Ed.
1706 4157 1735 4216 7.
1758 4174 1787 4234 p.
1812 4157 1964 4232 48—51.)
1993 4153 2102 4213 iisdem
2129 4153 2231 4213 verbis
2254 4155 2397 4233 inscripta
2419 4160 2506 4223 sunt3

444 4272 451 4283 =
500 4258 590 4321 porro
614 4241 754 4320 caputio
777 4237 834 4300 Ed.
862 4245 889 4300 1.
913 4240 1103 4319 inscriptum:
1127 4238 1269 4300 Aucnnes
1286 4240 1537 4300 demonstrasses
1554 4239 1594 4299 de
1612 4239 1706 4306 Dim.
1731 4242 1779 4300 cui
1804 4241 1832 4299 in
1856 4239 1914 4300 Ed.
1940 4243 1967 4301 7.
1991 4246 2035 4319 (p.
2060 4244 2127 4317 59.)
2150 4239 2200 4299 hic
2223 4238 2330 4299 titulus
2352 4240 2506 4318 praefixus
2547 4250 2552 4261 ·

503 4333 569 4386 est:
589 4328 731 4385 Ausones
749 4323 998 4386 demonstrantem
1015 4325 1072 4385 der
1089 4325 1196 4385 choses
1212 4325 1389 4400 naturalles,
1404 4347 1470 4405 por
1490 4324 1650 4406 lesqnaelles
1671 4347 1712 4386 on
1733 4333 1808 4404 petit
1831 4328 2008 4405 copnoistre
2032 4325 2136 4395 Diem,
2160 4331 2330 4404 praeterera
2352 4332 2452 4405 caput.
2464 4326 2505 4384 in·

500 4411 664 4572 iiiii*
686 4408 1436 4577 iptftt⁰ttn⁰tt¹t.iitt.³⁰.{tiitit
1457 4413 1669 4559 iiiiii?
1687 4411 1914 4559 titini
1928 4412 2506 4558 tittt‘..⁰.:¹;¹¹i.tt;'t.i.itttt
2554 4521 2559 4533 ‚

455 4600 459 4609 “
499 4585 532 4643 7.
555 4602 654 4661 aequo
676 4601 713 4643 ac
734 4583 764 4641 iu
783 4584 852 4661 ipso
873 4582 950 4643 libro
968 4583 1090 4644 additus
1109 4591 1168 4653 est,
1192 4585 1221 4643 io
1244 4546 1370 4664 utraque
1386 4583 1442 4645 Ed.
1454 4519 1527 4664 (Eg.
1544 4590 1569 4644 1.
1593 4605 1622 4663 p.
1637 4519 1723 4661 nin.)
1736 4590 1847 4645 exstat.
1861 4519 2002 4664 ⁴)39item
2017 4589 2108 4662 caput
2125 4583 2316 4662 inscriptum:
2337 4581 2510 4664 Pourquoy

443 4738 448 4749 ³
503 4674 549 4729 cst
571 4668 743 4726 necesroire
765 4666 798 4727 lo
817 4688 973 4747 promeres
990 4669 1031 4729 cle
1048 4667 1236 4749 lEuunpile,
1256 4672 1338 4749 quod
1360 4671 1389 4729 in
1413 4677 1540 4750 utraque
1561 4670 1619 4730 Ed.
1643 4670 1715 4749 (Ed.
1729 4674 1758 4731 7.
1782 4691 1812 4749 p.
1826 4672 1914 4746 774.)
1937 4691 2003 4730 cum
2027 4669 2134 4729 eodem
2156 4669 2242 4730 titulo
2265 4668 2390 4748 iegitur3
2418 4669 2508 4729 etiam

503 4753 618 4832 capita:
637 4751 714 4833 δι’-η)
733 4760 817 4833 (prot
840 4750 935 4833 Cinq)
954 4758 1111 4834 pomations
1129 4753 1273 4815 touchant
1291 4755 1466 4815 lesbonnes
1484 4754 1626 4816 odontes:
1654 4763 1679 4816 l.
1700 4754 1824 4824 Qstellcr
1847 4776 1973 4815 umores
1995 4775 2072 4815 nom
2093 4754 2212 4815 deusne
2231 4748 2327 4831 faire.
2365 4757 2394 4815 7.
2422 4753 2508 4814 Com-

503 4845 585 4898 ment
602 4859 681 4897 noua
703 4839 747 4898 les
759 4859 885 4919 potions
898 4841 993 4918 faire.
1040 4844 1069 4901 3.
1097 4840 1252 4901 Continent
1269 4840 1343 4900 elles
1363 4849 1432 4901 sont
1452 4840 1620 4920 upreubles.
1667 4846 1696 4902 4.
1725 4841 1899 4923 Pourquoy
1915 4862 1994 4901 orons
2010 4840 2055 4899 les
2072 4840 2190 4901 deusne
2204 4843 2299 4919 faire.
2345 4845 2373 4901 5.
2401 4838 2511 4916 ριιεὶἰι

434 4920 439 4925 ’
502 4931 548 4984 est
567 4922 599 4982 lo
621 4923 788 5001 difference
817 4924 874 4984 des
892 4925 1017 5005 pooiet.
1037 4961 1079 4970 —-
1101 4925 1169 4985 Des
1187 4947 1348 5006 orpumenr
1370 4927 1425 4986 des
1447 4926 1661 5007 Scolostiques
1679 4926 1753 5003 (Ed.
1778 4930 1806 4987 7.
1830 4926 2077 5005 Scholastiques)
2096 4927 2125 4985 in
2148 4932 2274 5007 utraque
2300 4924 2358 4987 Ed.
2383 4924 2455 5005 (Ed.
2479 4928 2507 4985 7.

429 5074 435 5083 ,
501 5029 531 5090 p.
563 5011 625 5070 774
648 5030 715 5089 sqq.
741 5015 828 5088 311.)
851 5012 1054 5085 inveniuntur;
1078 5012 1150 5072 item
1173 5021 1262 5092 caput
1281 5012 1335 5072 Du
1352 5012 1476 5073 rtombre
1493 5013 1549 5072 der
1565 5013 1746 5072 Socremens
1763 5014 1793 5072 in
1815 5014 1961 5073 ambabus
1983 5008 2169 5091 Editn'ffld.
2189 5014 2217 5075 7.
2236 5031 2266 5092 p.
2287 5015 2374 5087 415.)
2397 5011 2507 5091 reperi·

501 5100 567 5165 tur;
585 5095 658 5154 item
671 5102 799 5173 quatuor
810 5098 922 5176 capita:
945 5097 1012 5156 Des
1029 5099 1256 5177 ripnificotiom
1274 5099 1330 5158 des
1340 5098 1529 5169 Sucronem.
1543 5137 1586 5146 -
1603 5097 1657 5158 Du
1674 5097 1842 5178 Buptesnoe
1860 5098 1900 5158 de
1910 5098 2011 5158 Julian
2029 5096 2187 5177 Baptista
2206 5135 2248 5143 -
2265 5095 2320 5157 Du
2336 5095 2508 5177 Boptesmc

501 5168 559 5239 cieo
582 5180 701 5256 enfans.
722 5220 763 5227 -
789 5180 907 5251 Quone
932 5204 1093 5263 orprsmem
1117 5183 1161 5244 du
1183 5182 1366 5262 Romaene,
1391 5205 1515 5264 quorum
1540 5186 1569 5245 in
1597 5183 1700 5245 indice
1721 5184 1778 5246 Ed.
1804 5187 1832 5264 2,
1855 5184 1937 5246 nulla
1965 5186 2076 5244 mentio
2100 5184 2148 5255 fit,
2174 5185 2203 5244 in
2225 5190 2310 5245 textu
2332 5184 2424 5245 huius
2446 5182 2506 5246 lul.

492 5524 498 5539 ⁴
608 5525 634 5591 ⁸)
652 5529 687 5578 De
706 5529 754 5580 hoc
771 5529 845 5579 titulo
863 5527 1041 5588 admonemus,
1059 5538 1118 5578 eum
1137 5529 1215 5578 etiam
1233 5527 1266 5578 ab
1285 5526 1358 5579 Editt.
1379 5528 1465 5578 1-1.
1484 5526 1508 5580 6.
1526 5531 1551 5580 7.
1571 5528 1595 5577 9.
1616 5530 1655 5579 11.
1674 5529 1759 5581 latinis
1777 5529 1870 5580 abesse
1893 5528 1964 5589 (ude
1982 5528 2036 5580 Vol.
2055 5528 2113 5579 11111
2130 5538 2154 5590 p.
2173 5529 2231 5580 720.
2249 5531 2338 5578 notam
2359 5528 2411 5589 12,
2436 5525 2505 5577 unde

658 5597 789 5661 consequi·
798 5596 908 5659 videtur,
926 5598 1092 5659 interpretem
1111 5595 1233 5648 Editionts
1251 5596 1276 5648 2.
1296 5598 1399 5658 praeter
1416 5596 1491 5648 tuin.
1509 5595 1676 5650 suueemes
1695 5598 1773 5650 etiam
1796 5609 1873 5650 unam
1891 5597 2180 5650 meorumnam.
2205 5597 2254 5658 11,
2272 5608 2338 5660 uuae
2356 5596 2423 5675 uum
2445 5595 2505 5645 titu-
2615 5592 2620 5601 “

658 5664 712 5717 lum
730 5667 756 5719 ln
774 5665 791 5718 1.
809 5666 944 5726 eminent,
962 5664 996 5717 ad
1015 5677 1107 5721 manus
1125 5664 1255 5718 habuisse.
1282 5729 1285 5736 Ι
1611 5705 1615 5715 ,
2015 5698 2017 5701 -

658 5782 806 5823 uenisse.
822 5782 904 5822 oran.
918 5782 981 5825 von⁴
997 5781 1069 5822 xxn.
1536 5845 1542 5856 .
1642 5814 1645 5819 ,
2300 5767 2334 5813 44
