6009 6959
489 771 555 836 rar
909 788 935 823 .·
1044 800 1069 823 .·
1119 762 1236 831 anu
1257 762 1362 829 orsu
1383 750 1874 875 somena-nonnanes.
1933 756 1935 761 ·
1993 792 1995 797 -
2076 814 2082 845 ,
2444 754 2507 823 aaa

699 954 960 1015 'l’ilemannns
979 953 1218 1021 Hesbusius,
1241 953 1393 1031 quondam
1415 950 1624 1012 Melanthonis
1643 949 1814 1031 discipulus
1838 958 1869 1012 et
1891 950 1920 1007 in
1943 947 2050 1007 eadem
2074 946 2163 1007 domo
2182 944 2335 1016 habitans,
2359 953 2391 1005 at
2408 944 2505 1005 auimo

492 1042 536 1102 illi
560 1041 796 1109 dissimillimus,
817 1043 846 1099 in
870 1043 1004 1099 oratione
1027 1040 1065 1099 de
1084 1039 1187 1097 studio
1207 1038 1380 1117 theologico
1404 1036 1557 1097 formando
1581 1035 1658 1096 haec
1690 1038 1833 1117 scripsit:
1855 1034 1958 1095 „Vere
1982 1033 2072 1093 nobis
2095 1032 2133 1091 de
2156 1038 2278 1109 nostrae
2300 1032 2416 1091 aetatis
2441 1030 2506 1091 teli·

492 1130 583 1187 citate
607 1134 637 1186 et
660 1126 834 1186 admiranda
856 1126 924 1185 luce
947 1126 1101 1183 doctrinae
1123 1123 1264 1201 gratulari
1288 1142 1464 1202 possumus.
1509 1122 1568 1184 Est
1586 1124 1664 1181 enim
1689 1123 1718 1181 in
1737 1122 1868 1182 omnium
1887 1119 2026 1179 manibus
2048 1117 2257 1179 eruditissima
2274 1116 2444 1176 methodus
2465 1122 2505 1176 to·
2579 1156 2581 1161 -

493 1216 553 1273 tius
573 1214 728 1272 doctrinae
751 1210 877 1280 Christi,
901 1212 1015 1287 scripta
1036 1232 1054 1268 a
1076 1208 1112 1267 P.
1127 1208 1314 1269 ltlelanchth.
1334 1210 1363 1268 in
1383 1229 1443 1288 qua
1460 1207 1573 1287 singuli
1596 1207 1714 1269 articuli
1737 1228 1811 1286 pure
1835 1208 1903 1266 sine
1927 1204 2068 1264 omnibus
2087 1202 2276 1283 corruptelis,
2299 1222 2425 1263 summa
2447 1223 2505 1261 ver-

493 1300 597 1359 borum
626 1300 809 1377 proprietate
831 1304 862 1355 et
880 1296 1095 1375 perspicuitate
1119 1296 1250 1374 expositi
1273 1300 1361 1366 sunt,
1395 1296 1523 1373 partium
1542 1294 1640 1353 series
1662 1294 1902 1373 prudentissima
1924 1296 2090 1350 monstrata
2108 1296 2165 1350 est.
2232 1289 2428 1349 Testimonia
2450 1288 2506 1346 evi·

493 1385 598 1444 dentia
619 1404 738 1442 sommo
760 1380 888 1442 consilio
908 1390 939 1439 et
961 1380 1118 1457 diligentia
1140 1388 1326 1441 ‹erracervatm
1370 1378 1482 1439 Nullae
1506 1381 1625 1439 otiosae
1648 1378 1878 1458 speculationes
1897 1376 2047 1436 admixtae
2070 1382 2155 1441 sont,
2191 1374 2246 1435 sed
2272 1375 2374 1433 omnia
2397 1372 2507 1433 referta

493 1476 565 1529 sunt
588 1468 712 1528 salutari
732 1466 876 1527 doctrina.
924 1468 972 1525 Ac
994 1487 1065 1523 vere
1089 1466 1127 1524 rle
1151 1466 1209 1525 boc
1227 1469 1343 1545 scripto
1366 1468 1471 1525 testari
1493 1484 1678 1544 possumne,
1714 1485 1781 1523 cnm
1811 1461 1974 1542 Philippus
2004 1463 2033 1520 in
2052 1461 2122 1519 aliis
2145 1460 2370 1520 commentariis
2398 1478 2506 1519 omnes
2532 1536 2536 1545 Ι

495 1556 626 1615 omnium
651 1562 817 1632 temporum
840 1551 1084 1613 Ecclesiastiros
1108 1552 1280 1630 Scriptores
1303 1552 1394 1629 longa
1416 1552 1538 1621 vicerit,
1573 1553 1601 1610 in
1632 1550 1690 1611 hoc
1713 1550 1826 1629 scripto
1849 1570 1886 1608 se
1914 1551 2013 1627 ipsum
2036 1549 2119 1607 vicit.
2186 1545 2290 1624 Atque
2322 1545 2394 1605 idco
2432 1545 2508 1603 inter

494 1641 593 1699 omnia
612 1641 725 1717 scripta
747 1637 877 1697 humana
900 1637 1001 1695 iudico
1025 1658 1099 1695 esse
1123 1637 1238 1705 utilius,
1263 1637 1319 1695 har,
1336 1636 1481 1696 methodo
1504 1635 1640 1715 Philippi
1664 1637 1718 1706 uti,
1739 1634 1868 1695 eumad
1892 1632 2120 1711 intelligendum
2138 1630 2358 1709 Prophetarum
2383 1638 2415 1691 et
2429 1630 2506 1709 Apo-

494 1723 639 1784 stolorum
663 1725 786 1802 scripta,
811 1730 871 1782 turn
895 1723 932 1782 ad
955 1723 1075 1801 plenam
1097 1722 1312 1801 perlectionem
1336 1722 1491 1782 doctrinae
1513 1720 1639 1792 Christi,
1663 1727 1695 1781 et
1717 1722 1756 1781 ad
1778 1728 1889 1780 certam
1913 1719 2157 1779 diiudicationem
2170 1718 2445 1777 controversiarum
2469 1716 2506 1775 de

494 1811 646 1888 agnitione
670 1809 741 1877 Dei,
766 1816 797 1868 et
819 1807 971 1867 hominum
992 1808 1187 1867 redemtione.
1233 1806 1439 1879 Quamobrem
1463 1808 1524 1868 hoc
1543 1814 1691 1886 perpetuo
1710 1812 1824 1867 statuat
1841 1805 2030 1882 'theologiae
2052 1804 2213 1863 studiosus
2236 1822 2357 1864 summa
2379 1802 2506 1862 assidui·

377 1946 386 1963 ,
493 1902 566 1965 tate,
589 1896 719 1953 maximo
743 1894 845 1954 studio
866 1901 896 1953 et
918 1893 1064 1971 singulari
1084 1896 1248 1953 attentione
1267 1894 1348 1953 lrunc
1365 1892 1474 1953 librum
1496 1894 1659 1972 legendum
1678 1899 1710 1951 et
1732 1892 1863 1952 subinde
1886 1889 2166 1971 recognoscendum
2190 1900 2299 1950 csse.“

701 2044 800 2105 Nico
809 2046 818 2106 l
828 2068 896 2106 aus
915 2046 1010 2106 Seln
1020 2068 1037 2106 e
1047 2068 1182 2107 orerns
1200 2046 1418 2125 inpraesatione
1431 2043 1647 2111 Commentarii
1660 2048 1688 2106 in
1702 2046 1838 2105 Genesin
1856 2042 1996 2125 (Lipsiae
2012 2047 2103 2107 1569.
2116 2042 2197 2119 Fol.)
2212 2042 2251 2102 de
2264 2039 2340 2104 lllel.
2353 2040 2450 2101 nocis
2460 2044 2505 2102 sic

494 2132 624 2193 iudicat:
649 2129 823 2201 „Prolixius
846 2132 1069 2192 autcrureserre
1092 2133 1192 2191 onmia
1210 2134 1270 2191 ista
1289 2132 1379 2201 volui,
1402 2139 1436 2192 nt
1459 2132 1572 2210 quibus
1591 2132 1731 2191 insistam
1754 2131 1906 2209 vestigiis,
1932 2139 1963 2192 et
1986 2151 2112 2209 quarum
2138 2129 2338 2189 ecclesiarum
2352 2128 2505 2188 doctrinae

495 2225 526 2278 et
545 2217 733 2278 confessioni
758 2218 900 2277 addictus
935 2219 1009 2286 sim,
1045 2217 1165 2296 publice
1186 2224 1331 2287 testarer,
1366 2219 1393 2276 ei
1417 2218 1566 2287 nimirum,
1590 2237 1670 2296 qnae
1692 2236 1730 2276 ex
1753 2216 1887 2277 fontibus
1910 2214 2003 2276 lsrael
2028 2215 2137 2285 hausta
2160 2222 2190 2275 ct
2213 2213 2436 2294 comprehensa
2458 2220 2505 2273 est

494 2303 582 2385 libro,
607 2304 657 2362 cui
678 2302 787 2362 titulus
810 2302 931 2382 Corpus
950 2303 1114 2372 «lochiano,
1144 2305 1315 2382 conscripto
1337 2323 1364 2362 a.
1389 2303 1428 2363 l).
1452 2301 1595 2382 Philippo
1614 2302 1817 2381 Praeceptore
1836 2306 1865 2363 b.
1878 2323 1917 2362 m.
1938 2303 1976 2362 de
2000 2323 2060 2380 quo
2084 2301 2159 2362 libro
2182 2301 2324 2360 indicium
2349 2300 2504 2359 cariusdam

494 2389 549 2449 viri
569 2388 714 2458 doctrina,
734 2390 846 2467 pietate
870 2394 900 2447 et
918 2380 1077 2448 autoritate
1095 2386 1276 2447 exrellentis
1298 2395 1330 2448 et
1350 2392 1449 2467 magni
1467 2391 1521 2450 τοῦ
1544 2395 1574 2450 ἐν
1596 2387 1693 2468 ἁγίοις
1711 2409 1944 2449 commemorare
1963 2388 2060 2448 obiter
2082 2389 2180 2447 visum
2204 2394 2267 2447 est:
2286 2386 2433 2465 tlptinrus
2456 2385 2505 2445 ille

495 2474 651 2541 liberast,
670 2474 806 2552 scriptus
830 2476 867 2533 ab
892 2476 1004 2552 optimo
1027 2476 1100 2541 viro,
1124 2475 1155 2533 id
1173 2474 1265 2551 quod,
1287 2476 1317 2533 si
1341 2473 1414 2534 nihil
1438 2474 1531 2537 alind.
1544 2483 1626 2534 certo
1645 2477 1759 2535 certius
1773 2481 1911 2542 testatur,
1935 2473 2017 2551 qnod
2039 2473 2169 2552 pessimi
2190 2474 2302 2552 quique
2326 2470 2413 2531 illum
2436 2471 2504 2530 ode·

496 2567 575 2629 runt,
594 2566 625 2619 et
647 2558 725 2617 alios
743 2559 877 2619 foetidos
895 2559 989 2619 libros
1013 2559 1056 2618 illi
1079 2560 1269 2619 substituere
1291 2552 1466 2621 voluerunt:¹
1481 2562 1593 2639 optimi
1618 2568 1717 2621 autern
1741 2562 1853 2638 quique
1877 2559 1961 2619 illurn
1984 2557 2199 2637 magnifiaciuot
2217 2565 2248 2619 et
2266 2556 2453 2636 praedicant,
2476 2563 2505 2617 et

495 2643 565 2706 Deo
584 2664 637 2723 pro
657 2644 809 2703 doctrinae
833 2644 901 2703 luce
921 2652 951 2705 et
973 2646 1152 2705 dexteritate
1174 2647 1287 2723 gratias
1305 2653 1398 2725 agunt
1419 2653 1477 2707 etc.
1523 2644 1568 2707 Et
1582 2646 1656 2706 libet
1679 2647 1769 2707 etiarn
1792 2647 1925 2706 adiicere
1948 2647 2006 2705 hos
2035 2645 2197 2724 aliquando
2227 2645 2256 2703 in
2279 2644 2335 2703 viri
2358 2644 2458 2723 magni
2475 2649 2504 2702 et
2565 2686 2571 2697 .

496 2730 627 2791 illustris
651 2749 761 2809 corpus
785 2730 938 2790 doctrinae
961 2732 1091 2810 scriptos
1114 2731 1298 2792 versiculos:

1063 2901 1133 2961 Non
1157 2899 1263 2959 melior
1280 2899 1358 2960 liber
1380 2909 1429 2962 est
1452 2901 1534 2961 ullus
1556 2908 1628 2981 post
1645 2901 1741 2962 biblia
1763 2899 1889 2967 Christi.

1066 2985 1165 3057 Quum
1189 2987 1239 3063 qui
1259 2986 1414 3047 doctrinae
1438 2984 1622 3067 Corprrsque
1641 2986 1761 3067 locique
1785 2996 1939 3049 vocantur.

1065 3071 1133 3131 Hoc
1155 3078 1263 3138 norunt
1285 3093 1403 3143 omnes,
1428 3075 1479 3152 qui
1503 3074 1681 3133 dexteritate
1704 3073 1834 3134 docendi

1065 3155 1277 3236 Discendique
1295 3160 1384 3218 simul
1405 3178 1478 3218 vera
1499 3167 1533 3219 et
1553 3160 1667 3239 pietate
1684 3165 1861 3220 tenentur.“

704 3342 785 3415 Quin
808 3343 954 3423 deinceps
977 3345 1007 3404 in
1029 3342 1237 3406 Melanthonis
1261 3344 1452 3407 adversarios
1475 3348 1523 3406 sic
1545 3346 1710 3407 invehitur:
1756 3346 1903 3416 „Abeant
1927 3345 2017 3424 igitur
2041 3345 2145 3422 ingrati
2176 3342 2290 3414 cuculi,
2318 3343 2502 3421 παθηκαλώ-

496 3453 586 3502 nerse
608 3427 735 3490 Lutheri
758 3437 788 3489 et
810 3428 1115 3510 Philippomastiges,
1134 3431 1281 3492 crobones
1304 3439 1336 3493 et
1357 3432 1428 3503 fuci,
1452 3430 1661 3512 labricentque
1682 3432 1753 3504 alia,
1766 3442 1768 3447 '
1782 3453 1860 3511 quae
1878 3438 2020 3510 possunt,
2042 3432 2069 3489 si
2093 3430 2183 3489 modo
2205 3435 2350 3509 possunt,
2373 3450 2501 3510 corpora,

496 3514 547 3575 vel
569 3516 672 3595 potius
695 3515 858 3586 cadavera,
877 3524 929 3577 aut
952 3518 1096 3577 obiiciant
1116 3514 1204 3577 C'onl'.
1227 3518 1306 3597 Aug.
1328 3518 1542 3598 Locorumqnc
1561 3539 1619 3578 non
1643 3519 1905 3598 depmvationem,
1929 3517 2020 3595 (banc
2043 3516 2122 3575 enim
2146 3516 2290 3586 obiicere,
2313 3514 2363 3574 vel
2385 3518 2501 3575 sirum

497 3610 623 3683 pantur,
652 3602 774 3661 minime
792 3607 936 3680 possunt)
959 3604 1015 3662 sed
1039 3603 1290 3681 recognitionem,
1324 3604 1382 3664 sed
1405 3604 1653 3675 illustrationem,
1678 3604 1736 3664 sed
1763 3602 1931 3663 uberiorem
1955 3602 2113 3662 multarum
2141 3622 2238 3661 rerum
2262 3600 2500 3682 explicationem.

496 3687 571 3748 lstis
590 3686 858 3747 calumniatoribus
880 3687 1037 3747 helleboro
1061 3709 1139 3767 opus
1163 3693 1280 3750 estaol
1297 3687 1420 3775 σιδηρέα
1438 3689 1567 3771 donum,
1590 3710 1651 3769 qua
1673 3692 1827 3751 cerebrum
1850 3710 1939 3749 suum
1963 3690 2022 3768 ipsi
2045 3694 2195 3748 verrant.“

705 3841 747 3900 At
775 3846 884 3919 postea
901 3842 970 3921 ipse
992 3820 1199 3903 blelanthonis
1221 3842 1414 3903 adversarius
1442 3842 1542 3903 sactus
1566 3850 1616 3904 est
1638 3863 1808 3922 omnesque
1830 3843 1938 3904 laudes
1960 3842 2004 3903 illi
2038 3843 2165 3903 tributas
2188 3843 2217 3902 in
2241 3843 2419 3903 contrariam
2442 3860 2501 3920 par·

497 3934 559 3989 tem
582 3925 763 4006 detorquere
783 3927 908 3988 studuit
935 3956 940 3961 ·
1062 3978 1065 3983 .

704 4077 871 4143 lacobus
904 4081 1091 4143 Andreae
1114 4085 1143 4143 in
1167 4084 1303 4145 oratione
1329 4083 1367 4143 de
1386 4083 1607 4145 instauratione
1629 4084 1722 4144 studii
1745 4082 1911 4162 theologici
1933 4085 1963 4144 in
1985 4083 2153 4143 Academia
2170 4081 2339 4160 Witeherg.
2359 4101 2385 4141 a
2414 4084 2502 4141 1577.

436 4222 441 4229 .
499 4170 527 4241 8,
550 4166 603 4229 tol.
625 4166 653 4227 B
677 4170 695 4230 5
719 4168 757 4227 de
780 4166 875 4227 Locis
897 4167 956 4229 hoc
974 4168 1032 4229 fert
1049 4168 1206 4230 iudicium:
1228 4167 1330 4240 „Phil
1352 4168 1530 4229 Melanthon
1549 4190 1672 4248 quoque
1695 4171 1796 4251 capita
1814 4170 1965 4231 doctrinae
1988 4169 2181 4240 christianae,
2204 4190 2283 4249 quae
2299 4167 2404 4229 Locos
2429 4188 2523 4228 com·-

497 4273 605 4315 mnnes
628 4260 746 4322 vocant,
766 4256 958 4333 conscripsit,
980 4256 1019 4315 ab
1042 4256 1111 4334 ipso
1133 4254 1267 4317 Luthero
1291 4255 1530 4325 commendatos,
1558 4277 1611 4336 pro
1633 4258 1746 4335 quibus
1763 4256 1930 4327 laboribus,
1953 4257 1980 4315 si
2000 4255 2103 4315 nullus
2124 4256 2203 4315 alius
2224 4255 2408 4335 accepisset,
2438 4252 2503 4313 lleo
2531 4316 2535 4329 ,

496 4338 566 4401 laus
595 4345 627 4399 et
660 4340 758 4417 ipsius
793 4342 904 4401 nomini
938 4341 1088 4419 gratitudo
1122 4342 1248 4402 debetur
1280 4342 1418 4401 maxima
1444 4378 1482 4389 -
1504 4377 1549 4387 —
1571 4339 1705 4414 Quartus
1727 4340 2108 4421 Professor'Theologiae
2130 4342 2281 4402 Locorum
2304 4342 2504 4401 communium

496 4422 631 4507 Philippi
652 4423 860 4486 Melanthonis
882 4426 1136 4511 'theologicorum
1154 4426 1316 4488 lectionem
1340 4428 1498 4497 obtinebit,
1522 4446 1601 4506 quos
1620 4426 1661 4491 D.
1684 4428 1840 4490 botherus
1862 4430 1947 4500 vidit,
1966 4430 2153 4509 approbavit,
2173 4426 2424 4488 commendavite
2464 4429 2504 4486 At

496 4510 578 4585 idern
595 4513 784 4590 ¹inquiaque
803 4514 1001 4575 concionibus
1019 4514 1058 4575 de
1081 4513 1270 4574 Concordiae
1288 4533 1380 4592 opere
1402 4512 1517 4573 habitis
1540 4520 1616 4575 eta.
1642 4518 1724 4575 1580
1754 4516 1855 4585 editis,
1878 4514 1931 4576 t‘ol.
1955 4516 2007 4574 Zt
2038 4535 2096 4575 non
2119 4515 2265 4577 dubitavit
2291 4511 2417 4593 publice
2440 4532 2504 4572 oon·

497 4597 635 4669 tendere,
657 4616 761 4659 veram
780 4598 945 4659 doctrinam
963 4601 993 4659 io
1015 4599 1224 4661 Melanthonis
1249 4595 1384 4679 Corpore
1402 4598 1556 4660 doctrinae
1575 4619 1648 4659 esse
1672 4600 1874 4680 depravatam.
2146 4594 2152 4611 ’
2236 4612 2240 4621 ’

705 4786 749 4847 At
776 4788 1006 4867 inconstantiam
1036 4794 1129 4866 atque
1157 4788 1318 4846 vanitatem
1341 4788 1466 4848 istorum
1484 4776 1694 4867 theologorum
1718 4790 1951 4868 sociorumque,
1987 4791 2053 4869 qui,
2087 4808 2165 4868 qnae
2191 4795 2281 4849 antea
2300 4787 2505 4857 laudaverant,

498 4878 611 4950 postea
632 4871 903 4950 reprehendebant,
926 4880 1066 4953 spectant
1085 4872 1176 4932 verba
1194 4868 1339 4933 Christ.
1359 4870 1521 4944 Peaelii,
1545 4894 1624 4952 qnae
1644 4876 1673 4934 in
1697 4875 1828 4955 epistola
1846 4875 2031 4936 dedicatoria
2052 4894 2144 4955 supra
2166 4875 2289 4935 laudata
2309 4874 2400 4936 solb
2427 4880 2439 4934 1
2464 4871 2507 4933 le·

499 4964 625 5036 guntur:
650 4954 751 5028 „lllud
773 4959 852 5037 quod
877 4979 974 5039 saepe
993 4980 1110 5019 mecum
1132 4959 1266 5037 cogitare
1288 4958 1393 5029 soleo,
1413 4967 1444 5020 et
1467 4961 1549 5038 quod
1567 4980 1674 5021 omnes
1698 4960 1903 5041 intelligentes
1927 4961 2034 5022 eodem
2058 4962 2148 5022 modo
2171 4962 2302 5022 iudicare
2321 4981 2439 5022 mecrrm
2458 4982 2507 5021 ex·

500 5042 614 5112 istimo,
633 5044 703 5120 quia
722 5044 750 5103 io
770 5043 848 5104 hanc
870 5046 909 5103 de
932 5045 989 5105 loc.
1013 5045 1107 5106 theol.
1130 5043 1264 5123 Philippi
1283 5049 1595 5106 commemorationem
1619 5050 1778 5126 ingressus
1800 5068 1887 5118 sum,
1921 5069 1979 5108 non
1998 5068 2125 5127 possum
2150 5068 2208 5107 non
2231 5049 2363 5109 breviter
2385 5046 2445 5106 hoc
2466 5046 2508 5106 lo-

500 5147 537 5188 co
563 5128 719 5206 attingere.
775 5130 811 5189 Si
841 5132 924 5191 serio
958 5134 1021 5200 isti,
1056 5133 1106 5209 qui
1130 5151 1209 5191 nunc
1243 5131 1272 5188 in
1301 5130 1438 5210 plurimis
1468 5131 1648 5193 Germaniae
1671 5132 1749 5193 locis
1772 5134 1934 5194 doctrinam
1959 5135 2027 5193 eius
2045 5134 2113 5193 libri
2135 5136 2336 5205 insectantur,
2370 5135 2418 5192 sic
2439 5154 2508 5192 sen·

500 5220 607 5273 seruat
624 5220 723 5285 autea,
746 5223 779 5275 ut
802 5217 965 5279 doctrinam
990 5226 1157 5279 nostrarum
1175 5215 1385 5277 Ecclesiarum
1408 5219 1546 5288 sincere,
1569 5218 1690 5290 dextre,
1709 5218 1854 5290 tideliter,
1868 5219 1906 5279 ¹in
1930 5218 1987 5281 loc.
2012 5219 2108 5281 theol.
2120 5217 2254 5300 Philippi
2278 5220 2395 5279 recitari
2415 5226 2509 5297 atque

501 5297 644 5379 explicari
670 5300 844 5373 iudicarent,
869 5323 921 5362 cur
943 5309 987 5363 tot
1009 5303 1211 5364 anathematis
1235 5321 1301 5361 earn
1326 5324 1404 5363 nuuc
1426 5303 1464 5364 ad
1481 5304 1593 5383 vulgus
1616 5307 1861 5385 persequuntur?
1921 5305 1976 5365 Sin
1999 5327 2088 5377 vero,
2117 5306 2198 5384 qnod
2221 5307 2386 5385 probarunt
2407 5314 2509 5375 antea,

500 5404 581 5447 nnnc
609 5384 837 5465 improbandum
859 5394 982 5468 putant,
1016 5371 1144 5469 ipsdsne
1169 5388 1322 5450 fatendum
1345 5397 1406 5461 est,
1423 5409 1460 5450 an
1483 5387 1619 5470 Philippi
1640 5392 1753 5471 scripta
1774 5393 1956 5452 sententiam
1979 5393 2008 5452 in
2031 5391 2169 5454 articulis
2192 5391 2372 5472 quibusdam
2393 5401 2511 5453 contra·

499 5472 601 5532 versia
624 5477 775 5541 mutasse,
793 5480 825 5533 et
842 5476 999 5535 invexisse
1021 5495 1119 5555 genus
1138 5475 1292 5537 dounoae
1313 5475 1588 5545 novum-alienum
1608 5496 1627 5536 a
1644 5479 1746 5538 nativa
1762 5478 1842 5557 Aug.
1863 5474 1951 5538 (lunt.
1974 5480 2136 5549 sententia,
2159 5498 2249 5558 quam
2269 5485 2511 5538 consentaneum

501 5556 625 5618 scilicet
646 5564 697 5619 est
718 5555 836 5617 authori
870 5558 952 5619 illius
975 5580 1034 5622 non
1056 5563 1135 5622 satis
1158 5570 1258 5623 notam
1281 5562 1392 5634 fnisse,
1414 5568 1467 5622 aut
1489 5563 1518 5622 si
1540 5564 1614 5642 quid
1637 5565 1755 5626 inesset
1779 5564 1918 5636 obscuri,
1952 5562 2031 5625 salso
2049 5563 2171 5627 seilicet
2191 5564 2331 5631 iudicant
2348 5562 2419 5636 illa,
2447 5584 2512 5640 ¹non

503 5650 616 5719 eontra,
638 5642 699 5704 sed
720 5643 890 5705 secundum
908 5646 942 5707 S.
965 5645 1140 5727 Scripturas
1163 5668 1296 5711 normam
1317 5647 1547 5731 intelligendum
1568 5656 1661 5731 atque
1683 5650 1938 5733 interpretandum
1960 5664 2067 5714 esae.“
